%YAML 1.1
%TAG !u! tag:unity3d.com,2011:
--- !u!1001 &100100000
Prefab:
  m_ObjectHideFlags: 1
  serializedVersion: 2
  m_Modification:
    m_TransformParent: {fileID: 0}
    m_Modifications: []
    m_RemovedComponents: []
  m_ParentPrefab: {fileID: 0}
  m_RootGameObject: {fileID: 1768650775254454}
  m_IsPrefabParent: 1
--- !u!1 &1003373491952520
GameObject:
  m_ObjectHideFlags: 1
  m_PrefabParentObject: {fileID: 0}
  m_PrefabInternal: {fileID: 100100000}
  serializedVersion: 5
  m_Component:
  - component: {fileID: 4228416417282980}
  m_Layer: 9
  m_Name: Right_Finger_1_2
  m_TagString: Untagged
  m_Icon: {fileID: 0}
  m_NavMeshLayer: 0
  m_StaticEditorFlags: 0
  m_IsActive: 1
--- !u!1 &1004022741603862
GameObject:
  m_ObjectHideFlags: 1
  m_PrefabParentObject: {fileID: 0}
  m_PrefabInternal: {fileID: 100100000}
  serializedVersion: 5
  m_Component:
  - component: {fileID: 4377059233455974}
  m_Layer: 9
  m_Name: Left_Finger_1_2
  m_TagString: Untagged
  m_Icon: {fileID: 0}
  m_NavMeshLayer: 0
  m_StaticEditorFlags: 0
  m_IsActive: 1
--- !u!1 &1004692183834886
GameObject:
  m_ObjectHideFlags: 1
  m_PrefabParentObject: {fileID: 0}
  m_PrefabInternal: {fileID: 100100000}
  serializedVersion: 5
  m_Component:
  - component: {fileID: 4910422110584240}
  m_Layer: 9
  m_Name: Right_Finger_3_4
  m_TagString: Untagged
  m_Icon: {fileID: 0}
  m_NavMeshLayer: 0
  m_StaticEditorFlags: 0
  m_IsActive: 1
--- !u!1 &1015171823197194
GameObject:
  m_ObjectHideFlags: 1
  m_PrefabParentObject: {fileID: 0}
  m_PrefabInternal: {fileID: 100100000}
  serializedVersion: 5
  m_Component:
  - component: {fileID: 4042529184968660}
  m_Layer: 9
  m_Name: Right_toe_1_1
  m_TagString: Robot
  m_Icon: {fileID: 0}
  m_NavMeshLayer: 0
  m_StaticEditorFlags: 0
  m_IsActive: 1
--- !u!1 &1029290807120126
GameObject:
  m_ObjectHideFlags: 0
  m_PrefabParentObject: {fileID: 0}
  m_PrefabInternal: {fileID: 100100000}
  serializedVersion: 5
  m_Component:
  - component: {fileID: 4976673610293888}
  - component: {fileID: 33131819207496278}
  - component: {fileID: 64711652265190152}
  - component: {fileID: 23082788666626990}
  m_Layer: 9
  m_Name: Shadow (1)
  m_TagString: Untagged
  m_Icon: {fileID: 0}
  m_NavMeshLayer: 0
  m_StaticEditorFlags: 0
  m_IsActive: 1
--- !u!1 &1030491878940010
GameObject:
  m_ObjectHideFlags: 1
  m_PrefabParentObject: {fileID: 0}
  m_PrefabInternal: {fileID: 100100000}
  serializedVersion: 5
  m_Component:
  - component: {fileID: 4207648322159702}
  - component: {fileID: 136164545045941116}
  m_Layer: 9
  m_Name: Right_Hand
  m_TagString: Robot
  m_Icon: {fileID: 0}
  m_NavMeshLayer: 0
  m_StaticEditorFlags: 0
  m_IsActive: 1
--- !u!1 &1048774795147374
GameObject:
  m_ObjectHideFlags: 1
  m_PrefabParentObject: {fileID: 0}
  m_PrefabInternal: {fileID: 100100000}
  serializedVersion: 5
  m_Component:
  - component: {fileID: 4582553261381940}
  - component: {fileID: 33940660724271322}
  - component: {fileID: 23721562481520722}
  m_Layer: 0
  m_Name: Gravedigger
  m_TagString: Untagged
  m_Icon: {fileID: 0}
  m_NavMeshLayer: 0
  m_StaticEditorFlags: 0
  m_IsActive: 1
--- !u!1 &1069332340012474
GameObject:
  m_ObjectHideFlags: 1
  m_PrefabParentObject: {fileID: 0}
  m_PrefabInternal: {fileID: 100100000}
  serializedVersion: 5
  m_Component:
  - component: {fileID: 4544234088234564}
  - component: {fileID: 136509207142042060}
  m_Layer: 9
  m_Name: Left_ankle
  m_TagString: Robot
  m_Icon: {fileID: 0}
  m_NavMeshLayer: 0
  m_StaticEditorFlags: 0
  m_IsActive: 1
--- !u!1 &1072242900067100
GameObject:
  m_ObjectHideFlags: 1
  m_PrefabParentObject: {fileID: 0}
  m_PrefabInternal: {fileID: 100100000}
  serializedVersion: 5
  m_Component:
  - component: {fileID: 4795287172753030}
  m_Layer: 9
  m_Name: Right_Finger_2_4
  m_TagString: Untagged
  m_Icon: {fileID: 0}
  m_NavMeshLayer: 0
  m_StaticEditorFlags: 0
  m_IsActive: 1
--- !u!1 &1093905530352924
GameObject:
  m_ObjectHideFlags: 1
  m_PrefabParentObject: {fileID: 0}
  m_PrefabInternal: {fileID: 100100000}
  serializedVersion: 5
  m_Component:
  - component: {fileID: 4506047937634478}
  m_Layer: 9
  m_Name: Right_Finger_3_2
  m_TagString: Untagged
  m_Icon: {fileID: 0}
  m_NavMeshLayer: 0
  m_StaticEditorFlags: 0
  m_IsActive: 1
--- !u!1 &1106530575502326
GameObject:
  m_ObjectHideFlags: 1
  m_PrefabParentObject: {fileID: 0}
  m_PrefabInternal: {fileID: 100100000}
  serializedVersion: 5
  m_Component:
  - component: {fileID: 4709470034866674}
  m_Layer: 9
  m_Name: Left_Finger_3_2
  m_TagString: Untagged
  m_Icon: {fileID: 0}
  m_NavMeshLayer: 0
  m_StaticEditorFlags: 0
  m_IsActive: 1
--- !u!1 &1115182340785088
GameObject:
  m_ObjectHideFlags: 1
  m_PrefabParentObject: {fileID: 0}
  m_PrefabInternal: {fileID: 100100000}
  serializedVersion: 5
  m_Component:
  - component: {fileID: 4302298185610554}
  m_Layer: 9
  m_Name: Right_Finger_1_3
  m_TagString: Untagged
  m_Icon: {fileID: 0}
  m_NavMeshLayer: 0
  m_StaticEditorFlags: 0
  m_IsActive: 1
--- !u!1 &1115650022099090
GameObject:
  m_ObjectHideFlags: 1
  m_PrefabParentObject: {fileID: 0}
  m_PrefabInternal: {fileID: 100100000}
  serializedVersion: 5
  m_Component:
  - component: {fileID: 4347500945162948}
  m_Layer: 9
  m_Name: Right_foot
  m_TagString: Robot
  m_Icon: {fileID: 0}
  m_NavMeshLayer: 0
  m_StaticEditorFlags: 0
  m_IsActive: 1
--- !u!1 &1129469204117850
GameObject:
  m_ObjectHideFlags: 1
  m_PrefabParentObject: {fileID: 0}
  m_PrefabInternal: {fileID: 100100000}
  serializedVersion: 5
  m_Component:
  - component: {fileID: 4733740321262920}
  m_Layer: 9
  m_Name: Right_Finger_2_1
  m_TagString: Untagged
  m_Icon: {fileID: 0}
  m_NavMeshLayer: 0
  m_StaticEditorFlags: 0
  m_IsActive: 1
--- !u!1 &1174911333529380
GameObject:
  m_ObjectHideFlags: 1
  m_PrefabParentObject: {fileID: 0}
  m_PrefabInternal: {fileID: 100100000}
  serializedVersion: 5
  m_Component:
  - component: {fileID: 4052427035789858}
  m_Layer: 9
  m_Name: Left_Finger_1_4
  m_TagString: Untagged
  m_Icon: {fileID: 0}
  m_NavMeshLayer: 0
  m_StaticEditorFlags: 0
  m_IsActive: 1
--- !u!1 &1182210439803274
GameObject:
  m_ObjectHideFlags: 1
  m_PrefabParentObject: {fileID: 0}
  m_PrefabInternal: {fileID: 100100000}
  serializedVersion: 5
  m_Component:
  - component: {fileID: 4064169993350712}
  m_Layer: 9
  m_Name: Right_toe_3_3
  m_TagString: Untagged
  m_Icon: {fileID: 0}
  m_NavMeshLayer: 0
  m_StaticEditorFlags: 0
  m_IsActive: 1
--- !u!1 &1194843072335252
GameObject:
  m_ObjectHideFlags: 1
  m_PrefabParentObject: {fileID: 0}
  m_PrefabInternal: {fileID: 100100000}
  serializedVersion: 5
  m_Component:
  - component: {fileID: 4336153168899120}
  m_Layer: 9
  m_Name: Left_toe_3_3
  m_TagString: Untagged
  m_Icon: {fileID: 0}
  m_NavMeshLayer: 0
  m_StaticEditorFlags: 0
  m_IsActive: 1
--- !u!1 &1200349872428668
GameObject:
  m_ObjectHideFlags: 1
  m_PrefabParentObject: {fileID: 0}
  m_PrefabInternal: {fileID: 100100000}
  serializedVersion: 5
  m_Component:
  - component: {fileID: 4012197914783772}
  m_Layer: 9
  m_Name: Left_Finger_2_4
  m_TagString: Untagged
  m_Icon: {fileID: 0}
  m_NavMeshLayer: 0
  m_StaticEditorFlags: 0
  m_IsActive: 1
--- !u!1 &1202425432880122
GameObject:
  m_ObjectHideFlags: 1
  m_PrefabParentObject: {fileID: 0}
  m_PrefabInternal: {fileID: 100100000}
  serializedVersion: 5
  m_Component:
  - component: {fileID: 4520509521584360}
  - component: {fileID: 136659191123130434}
  m_Layer: 9
  m_Name: Left_Elbow
  m_TagString: Robot
  m_Icon: {fileID: 0}
  m_NavMeshLayer: 0
  m_StaticEditorFlags: 0
  m_IsActive: 1
--- !u!1 &1221661440635628
GameObject:
  m_ObjectHideFlags: 1
  m_PrefabParentObject: {fileID: 0}
  m_PrefabInternal: {fileID: 100100000}
  serializedVersion: 5
  m_Component:
  - component: {fileID: 4373727200392788}
  m_Layer: 9
  m_Name: Left_toe_3_1
  m_TagString: Robot
  m_Icon: {fileID: 0}
  m_NavMeshLayer: 0
  m_StaticEditorFlags: 0
  m_IsActive: 1
--- !u!1 &1252856102468260
GameObject:
  m_ObjectHideFlags: 1
  m_PrefabParentObject: {fileID: 0}
  m_PrefabInternal: {fileID: 100100000}
  serializedVersion: 5
  m_Component:
  - component: {fileID: 4595350847650190}
  m_Layer: 9
  m_Name: Left_Finger_1_3
  m_TagString: Untagged
  m_Icon: {fileID: 0}
  m_NavMeshLayer: 0
  m_StaticEditorFlags: 0
  m_IsActive: 1
--- !u!1 &1254548832393962
GameObject:
  m_ObjectHideFlags: 1
  m_PrefabParentObject: {fileID: 0}
  m_PrefabInternal: {fileID: 100100000}
  serializedVersion: 5
  m_Component:
  - component: {fileID: 4521919148054998}
  m_Layer: 9
  m_Name: Left_toe_2_1
  m_TagString: Robot
  m_Icon: {fileID: 0}
  m_NavMeshLayer: 0
  m_StaticEditorFlags: 0
  m_IsActive: 1
--- !u!1 &1280069166831036
GameObject:
  m_ObjectHideFlags: 1
  m_PrefabParentObject: {fileID: 0}
  m_PrefabInternal: {fileID: 100100000}
  serializedVersion: 5
  m_Component:
  - component: {fileID: 4947158400273318}
  - component: {fileID: 136665408924626358}
  m_Layer: 9
  m_Name: Chest
  m_TagString: Robot
  m_Icon: {fileID: 0}
  m_NavMeshLayer: 0
  m_StaticEditorFlags: 0
  m_IsActive: 1
--- !u!1 &1293042051142912
GameObject:
  m_ObjectHideFlags: 1
  m_PrefabParentObject: {fileID: 0}
  m_PrefabInternal: {fileID: 100100000}
  serializedVersion: 5
  m_Component:
  - component: {fileID: 4330127427422796}
  m_Layer: 9
  m_Name: Right_toe_2_2
  m_TagString: Untagged
  m_Icon: {fileID: 0}
  m_NavMeshLayer: 0
  m_StaticEditorFlags: 0
  m_IsActive: 1
--- !u!1 &1301300560021864
GameObject:
  m_ObjectHideFlags: 1
  m_PrefabParentObject: {fileID: 0}
  m_PrefabInternal: {fileID: 100100000}
  serializedVersion: 5
  m_Component:
  - component: {fileID: 4579803036992130}
  - component: {fileID: 136561460662274754}
  m_Layer: 9
  m_Name: Right_Knee
  m_TagString: Robot
  m_Icon: {fileID: 0}
  m_NavMeshLayer: 0
  m_StaticEditorFlags: 0
  m_IsActive: 1
--- !u!1 &1312199353199416
GameObject:
  m_ObjectHideFlags: 1
  m_PrefabParentObject: {fileID: 0}
  m_PrefabInternal: {fileID: 100100000}
  serializedVersion: 5
  m_Component:
  - component: {fileID: 4632248219329322}
  m_Layer: 9
  m_Name: Eye
  m_TagString: Untagged
  m_Icon: {fileID: 0}
  m_NavMeshLayer: 0
  m_StaticEditorFlags: 0
  m_IsActive: 1
--- !u!1 &1333904796145036
GameObject:
  m_ObjectHideFlags: 1
  m_PrefabParentObject: {fileID: 0}
  m_PrefabInternal: {fileID: 100100000}
  serializedVersion: 5
  m_Component:
  - component: {fileID: 4561786513973518}
  m_Layer: 9
  m_Name: Left_Finger_3_3
  m_TagString: Untagged
  m_Icon: {fileID: 0}
  m_NavMeshLayer: 0
  m_StaticEditorFlags: 0
  m_IsActive: 1
--- !u!1 &1339156648218168
GameObject:
  m_ObjectHideFlags: 1
  m_PrefabParentObject: {fileID: 0}
  m_PrefabInternal: {fileID: 100100000}
  serializedVersion: 5
  m_Component:
  - component: {fileID: 4737411986413092}
  m_Layer: 9
  m_Name: Right_Finger_2_3
  m_TagString: Untagged
  m_Icon: {fileID: 0}
  m_NavMeshLayer: 0
  m_StaticEditorFlags: 0
  m_IsActive: 1
--- !u!1 &1366217562885214
GameObject:
  m_ObjectHideFlags: 1
  m_PrefabParentObject: {fileID: 0}
  m_PrefabInternal: {fileID: 100100000}
  serializedVersion: 5
  m_Component:
  - component: {fileID: 4416692719525124}
  m_Layer: 9
  m_Name: Right_toe_1_2
  m_TagString: Untagged
  m_Icon: {fileID: 0}
  m_NavMeshLayer: 0
  m_StaticEditorFlags: 0
  m_IsActive: 1
--- !u!1 &1385517589787054
GameObject:
  m_ObjectHideFlags: 1
  m_PrefabParentObject: {fileID: 0}
  m_PrefabInternal: {fileID: 100100000}
  serializedVersion: 5
  m_Component:
  - component: {fileID: 4789603688879986}
  m_Layer: 9
  m_Name: DroneSpawn
  m_TagString: Untagged
  m_Icon: {fileID: 0}
  m_NavMeshLayer: 0
  m_StaticEditorFlags: 0
  m_IsActive: 1
--- !u!1 &1409132938721494
GameObject:
  m_ObjectHideFlags: 1
  m_PrefabParentObject: {fileID: 0}
  m_PrefabInternal: {fileID: 100100000}
  serializedVersion: 5
  m_Component:
  - component: {fileID: 4371267230673282}
  m_Layer: 9
  m_Name: Left_Finger_1_1
  m_TagString: Untagged
  m_Icon: {fileID: 0}
  m_NavMeshLayer: 0
  m_StaticEditorFlags: 0
  m_IsActive: 1
--- !u!1 &1414357906327526
GameObject:
  m_ObjectHideFlags: 1
  m_PrefabParentObject: {fileID: 0}
  m_PrefabInternal: {fileID: 100100000}
  serializedVersion: 5
  m_Component:
  - component: {fileID: 4073929224123406}
  m_Layer: 9
  m_Name: Left_toe_2_2
  m_TagString: Untagged
  m_Icon: {fileID: 0}
  m_NavMeshLayer: 0
  m_StaticEditorFlags: 0
  m_IsActive: 1
--- !u!1 &1430691654239440
GameObject:
  m_ObjectHideFlags: 0
  m_PrefabParentObject: {fileID: 0}
  m_PrefabInternal: {fileID: 100100000}
  serializedVersion: 5
  m_Component:
  - component: {fileID: 4118632038554232}
  - component: {fileID: 33992313844790472}
  - component: {fileID: 64235571377648162}
  - component: {fileID: 23252319604996786}
  m_Layer: 9
  m_Name: Floor
  m_TagString: Untagged
  m_Icon: {fileID: 0}
  m_NavMeshLayer: 0
  m_StaticEditorFlags: 0
  m_IsActive: 1
--- !u!1 &1434194680667328
GameObject:
  m_ObjectHideFlags: 1
  m_PrefabParentObject: {fileID: 0}
  m_PrefabInternal: {fileID: 100100000}
  serializedVersion: 5
  m_Component:
  - component: {fileID: 4047945143048102}
  m_Layer: 9
  m_Name: Right_Finger_3_1
  m_TagString: Untagged
  m_Icon: {fileID: 0}
  m_NavMeshLayer: 0
  m_StaticEditorFlags: 0
  m_IsActive: 1
--- !u!1 &1438661460806168
GameObject:
  m_ObjectHideFlags: 1
  m_PrefabParentObject: {fileID: 0}
  m_PrefabInternal: {fileID: 100100000}
  serializedVersion: 5
  m_Component:
  - component: {fileID: 4454431276883042}
  m_Layer: 9
  m_Name: Left_Finger_2_1
  m_TagString: Untagged
  m_Icon: {fileID: 0}
  m_NavMeshLayer: 0
  m_StaticEditorFlags: 0
  m_IsActive: 1
--- !u!1 &1439410759307738
GameObject:
  m_ObjectHideFlags: 1
  m_PrefabParentObject: {fileID: 0}
  m_PrefabInternal: {fileID: 100100000}
  serializedVersion: 5
  m_Component:
  - component: {fileID: 4245671782744862}
  - component: {fileID: 33052176889214142}
  - component: {fileID: 23152241281026434}
  m_Layer: 0
  m_Name: Destructive_Slot (1)
  m_TagString: Untagged
  m_Icon: {fileID: 0}
  m_NavMeshLayer: 0
  m_StaticEditorFlags: 0
  m_IsActive: 1
--- !u!1 &1490316044339756
GameObject:
  m_ObjectHideFlags: 0
  m_PrefabParentObject: {fileID: 0}
  m_PrefabInternal: {fileID: 100100000}
  serializedVersion: 5
  m_Component:
  - component: {fileID: 4859350765240168}
  - component: {fileID: 137110564304505240}
  m_Layer: 9
  m_Name: Guardian_Head
  m_TagString: Robot
  m_Icon: {fileID: 0}
  m_NavMeshLayer: 0
  m_StaticEditorFlags: 0
  m_IsActive: 1
--- !u!1 &1507503468636184
GameObject:
  m_ObjectHideFlags: 0
  m_PrefabParentObject: {fileID: 0}
  m_PrefabInternal: {fileID: 100100000}
  serializedVersion: 5
  m_Component:
  - component: {fileID: 4460204083213300}
  m_Layer: 9
  m_Name: Root
  m_TagString: Robot
  m_Icon: {fileID: 0}
  m_NavMeshLayer: 0
  m_StaticEditorFlags: 0
  m_IsActive: 1
--- !u!1 &1509050846583816
GameObject:
  m_ObjectHideFlags: 1
  m_PrefabParentObject: {fileID: 0}
  m_PrefabInternal: {fileID: 100100000}
  serializedVersion: 5
  m_Component:
  - component: {fileID: 4823796604079034}
  m_Layer: 9
  m_Name: Right_Finger_2_2
  m_TagString: Untagged
  m_Icon: {fileID: 0}
  m_NavMeshLayer: 0
  m_StaticEditorFlags: 0
  m_IsActive: 1
--- !u!1 &1531741293281950
GameObject:
  m_ObjectHideFlags: 1
  m_PrefabParentObject: {fileID: 0}
  m_PrefabInternal: {fileID: 100100000}
  serializedVersion: 5
  m_Component:
  - component: {fileID: 4010701657774526}
  m_Layer: 9
  m_Name: Right_toe_1_3
  m_TagString: Untagged
  m_Icon: {fileID: 0}
  m_NavMeshLayer: 0
  m_StaticEditorFlags: 0
  m_IsActive: 1
--- !u!1 &1532564723681892
GameObject:
  m_ObjectHideFlags: 1
  m_PrefabParentObject: {fileID: 0}
  m_PrefabInternal: {fileID: 100100000}
  serializedVersion: 5
  m_Component:
  - component: {fileID: 4133000509840648}
  - component: {fileID: 33951652209981722}
  - component: {fileID: 23646667120250454}
  m_Layer: 0
  m_Name: Destructive_Slot
  m_TagString: Untagged
  m_Icon: {fileID: 0}
  m_NavMeshLayer: 0
  m_StaticEditorFlags: 0
  m_IsActive: 1
--- !u!1 &1562177546452106
GameObject:
  m_ObjectHideFlags: 1
  m_PrefabParentObject: {fileID: 0}
  m_PrefabInternal: {fileID: 100100000}
  serializedVersion: 5
  m_Component:
  - component: {fileID: 4669560385967288}
  m_Layer: 9
  m_Name: Right_toe_3_2
  m_TagString: Untagged
  m_Icon: {fileID: 0}
  m_NavMeshLayer: 0
  m_StaticEditorFlags: 0
  m_IsActive: 1
--- !u!1 &1565677405623228
GameObject:
  m_ObjectHideFlags: 1
  m_PrefabParentObject: {fileID: 0}
  m_PrefabInternal: {fileID: 100100000}
  serializedVersion: 5
  m_Component:
  - component: {fileID: 4652146541974408}
  m_Layer: 9
  m_Name: Left_toe_3_2
  m_TagString: Untagged
  m_Icon: {fileID: 0}
  m_NavMeshLayer: 0
  m_StaticEditorFlags: 0
  m_IsActive: 1
--- !u!1 &1583947339565584
GameObject:
  m_ObjectHideFlags: 1
  m_PrefabParentObject: {fileID: 0}
  m_PrefabInternal: {fileID: 100100000}
  serializedVersion: 5
  m_Component:
  - component: {fileID: 4566931701096878}
  - component: {fileID: 136644912593082256}
  m_Layer: 9
  m_Name: Left_Hand
  m_TagString: Robot
  m_Icon: {fileID: 0}
  m_NavMeshLayer: 0
  m_StaticEditorFlags: 0
  m_IsActive: 1
--- !u!1 &1604772261233722
GameObject:
  m_ObjectHideFlags: 1
  m_PrefabParentObject: {fileID: 0}
  m_PrefabInternal: {fileID: 100100000}
  serializedVersion: 5
  m_Component:
  - component: {fileID: 4878981678378688}
  - component: {fileID: 136008524342597824}
  m_Layer: 9
  m_Name: Left_Leg
  m_TagString: Robot
  m_Icon: {fileID: 0}
  m_NavMeshLayer: 0
  m_StaticEditorFlags: 0
  m_IsActive: 1
--- !u!1 &1621629238037982
GameObject:
  m_ObjectHideFlags: 1
  m_PrefabParentObject: {fileID: 0}
  m_PrefabInternal: {fileID: 100100000}
  serializedVersion: 5
  m_Component:
  - component: {fileID: 4036244170230260}
  m_Layer: 9
  m_Name: Left_Finger_2_2
  m_TagString: Untagged
  m_Icon: {fileID: 0}
  m_NavMeshLayer: 0
  m_StaticEditorFlags: 0
  m_IsActive: 1
--- !u!1 &1622036907971334
GameObject:
  m_ObjectHideFlags: 1
  m_PrefabParentObject: {fileID: 0}
  m_PrefabInternal: {fileID: 100100000}
  serializedVersion: 5
  m_Component:
  - component: {fileID: 4354046782801018}
  - component: {fileID: 136911060126228036}
  m_Layer: 9
  m_Name: Right_Leg
  m_TagString: Robot
  m_Icon: {fileID: 0}
  m_NavMeshLayer: 0
  m_StaticEditorFlags: 0
  m_IsActive: 1
--- !u!1 &1629026485301906
GameObject:
  m_ObjectHideFlags: 1
  m_PrefabParentObject: {fileID: 0}
  m_PrefabInternal: {fileID: 100100000}
  serializedVersion: 5
  m_Component:
  - component: {fileID: 4662528942929274}
  - component: {fileID: 136510671522015866}
  m_Layer: 9
  m_Name: Head
  m_TagString: Robot
  m_Icon: {fileID: 0}
  m_NavMeshLayer: 0
  m_StaticEditorFlags: 0
  m_IsActive: 1
--- !u!1 &1630843046836506
GameObject:
  m_ObjectHideFlags: 1
  m_PrefabParentObject: {fileID: 0}
  m_PrefabInternal: {fileID: 100100000}
  serializedVersion: 5
  m_Component:
  - component: {fileID: 4704862778819298}
  - component: {fileID: 136882613291719990}
  m_Layer: 9
  m_Name: Left_Shoulder
  m_TagString: Robot
  m_Icon: {fileID: 0}
  m_NavMeshLayer: 0
  m_StaticEditorFlags: 0
  m_IsActive: 1
--- !u!1 &1637475245144830
GameObject:
  m_ObjectHideFlags: 1
  m_PrefabParentObject: {fileID: 0}
  m_PrefabInternal: {fileID: 100100000}
  serializedVersion: 5
  m_Component:
  - component: {fileID: 4951044743201456}
  m_Layer: 9
  m_Name: Left_Finger_3_4
  m_TagString: Untagged
  m_Icon: {fileID: 0}
  m_NavMeshLayer: 0
  m_StaticEditorFlags: 0
  m_IsActive: 1
--- !u!1 &1654377287656912
GameObject:
  m_ObjectHideFlags: 1
  m_PrefabParentObject: {fileID: 0}
  m_PrefabInternal: {fileID: 100100000}
  serializedVersion: 5
  m_Component:
  - component: {fileID: 4456287984080484}
  m_Layer: 9
  m_Name: Right_toe_2_3
  m_TagString: Untagged
  m_Icon: {fileID: 0}
  m_NavMeshLayer: 0
  m_StaticEditorFlags: 0
  m_IsActive: 1
--- !u!1 &1698677100204226
GameObject:
  m_ObjectHideFlags: 1
  m_PrefabParentObject: {fileID: 0}
  m_PrefabInternal: {fileID: 100100000}
  serializedVersion: 5
  m_Component:
  - component: {fileID: 4519061140439412}
  m_Layer: 9
  m_Name: DroneSpawn
  m_TagString: Untagged
  m_Icon: {fileID: 0}
  m_NavMeshLayer: 0
  m_StaticEditorFlags: 0
  m_IsActive: 1
--- !u!1 &1711226787246480
GameObject:
  m_ObjectHideFlags: 1
  m_PrefabParentObject: {fileID: 0}
  m_PrefabInternal: {fileID: 100100000}
  serializedVersion: 5
  m_Component:
  - component: {fileID: 4567083741809956}
  m_Layer: 9
  m_Name: Neck
  m_TagString: Robot
  m_Icon: {fileID: 0}
  m_NavMeshLayer: 0
  m_StaticEditorFlags: 0
  m_IsActive: 1
--- !u!1 &1723835069673466
GameObject:
  m_ObjectHideFlags: 1
  m_PrefabParentObject: {fileID: 0}
  m_PrefabInternal: {fileID: 100100000}
  serializedVersion: 5
  m_Component:
  - component: {fileID: 4669507930124046}
  m_Layer: 9
  m_Name: Left_foot
  m_TagString: Robot
  m_Icon: {fileID: 0}
  m_NavMeshLayer: 0
  m_StaticEditorFlags: 0
  m_IsActive: 1
--- !u!1 &1736315581812022
GameObject:
  m_ObjectHideFlags: 1
  m_PrefabParentObject: {fileID: 0}
  m_PrefabInternal: {fileID: 100100000}
  serializedVersion: 5
  m_Component:
  - component: {fileID: 4998208761292108}
  m_Layer: 9
  m_Name: Left_toe_1_2
  m_TagString: Untagged
  m_Icon: {fileID: 0}
  m_NavMeshLayer: 0
  m_StaticEditorFlags: 0
  m_IsActive: 1
--- !u!1 &1738433349789984
GameObject:
  m_ObjectHideFlags: 1
  m_PrefabParentObject: {fileID: 0}
  m_PrefabInternal: {fileID: 100100000}
  serializedVersion: 5
  m_Component:
  - component: {fileID: 4906079984893042}
  m_Layer: 9
  m_Name: Right_Finger_3_3
  m_TagString: Untagged
  m_Icon: {fileID: 0}
  m_NavMeshLayer: 0
  m_StaticEditorFlags: 0
  m_IsActive: 1
--- !u!1 &1768030491279328
GameObject:
  m_ObjectHideFlags: 1
  m_PrefabParentObject: {fileID: 0}
  m_PrefabInternal: {fileID: 100100000}
  serializedVersion: 5
  m_Component:
  - component: {fileID: 4849962472950528}
  m_Layer: 9
  m_Name: Right_toe_2_1
  m_TagString: Robot
  m_Icon: {fileID: 0}
  m_NavMeshLayer: 0
  m_StaticEditorFlags: 0
  m_IsActive: 1
--- !u!1 &1768650775254454
GameObject:
  m_ObjectHideFlags: 0
  m_PrefabParentObject: {fileID: 0}
  m_PrefabInternal: {fileID: 100100000}
  serializedVersion: 5
  m_Component:
  - component: {fileID: 4601432336400742}
  - component: {fileID: 95985142386730370}
  - component: {fileID: 114777534651598984}
  - component: {fileID: 114304368414049830}
  - component: {fileID: 114609187980619688}
  m_Layer: 9
  m_Name: Guardian
  m_TagString: Robot
  m_Icon: {fileID: 0}
  m_NavMeshLayer: 0
  m_StaticEditorFlags: 0
  m_IsActive: 1
--- !u!1 &1811212874858520
GameObject:
  m_ObjectHideFlags: 1
  m_PrefabParentObject: {fileID: 0}
  m_PrefabInternal: {fileID: 100100000}
  serializedVersion: 5
  m_Component:
  - component: {fileID: 4514070000987104}
  - component: {fileID: 136912923915562274}
  m_Layer: 9
  m_Name: Right_Elbow
  m_TagString: Robot
  m_Icon: {fileID: 0}
  m_NavMeshLayer: 0
  m_StaticEditorFlags: 0
  m_IsActive: 1
--- !u!1 &1812547486825444
GameObject:
  m_ObjectHideFlags: 1
  m_PrefabParentObject: {fileID: 0}
  m_PrefabInternal: {fileID: 100100000}
  serializedVersion: 5
  m_Component:
  - component: {fileID: 4896166642201928}
  m_Layer: 9
  m_Name: Right_Finger_1_1
  m_TagString: Untagged
  m_Icon: {fileID: 0}
  m_NavMeshLayer: 0
  m_StaticEditorFlags: 0
  m_IsActive: 1
--- !u!1 &1835052092616438
GameObject:
  m_ObjectHideFlags: 1
  m_PrefabParentObject: {fileID: 0}
  m_PrefabInternal: {fileID: 100100000}
  serializedVersion: 5
  m_Component:
  - component: {fileID: 4682107211277568}
  - component: {fileID: 136443727326039544}
  m_Layer: 9
  m_Name: Right_ankle
  m_TagString: Robot
  m_Icon: {fileID: 0}
  m_NavMeshLayer: 0
  m_StaticEditorFlags: 0
  m_IsActive: 1
--- !u!1 &1851058449539624
GameObject:
  m_ObjectHideFlags: 1
  m_PrefabParentObject: {fileID: 0}
  m_PrefabInternal: {fileID: 100100000}
  serializedVersion: 5
  m_Component:
  - component: {fileID: 4445218043529928}
  m_Layer: 9
  m_Name: Left_toe_1_1
  m_TagString: Robot
  m_Icon: {fileID: 0}
  m_NavMeshLayer: 0
  m_StaticEditorFlags: 0
  m_IsActive: 1
--- !u!1 &1855909175989084
GameObject:
  m_ObjectHideFlags: 1
  m_PrefabParentObject: {fileID: 0}
  m_PrefabInternal: {fileID: 100100000}
  serializedVersion: 5
  m_Component:
  - component: {fileID: 4312560993984566}
  m_Layer: 9
  m_Name: Right_Finger_1_4
  m_TagString: Untagged
  m_Icon: {fileID: 0}
  m_NavMeshLayer: 0
  m_StaticEditorFlags: 0
  m_IsActive: 1
--- !u!1 &1862341785733500
GameObject:
  m_ObjectHideFlags: 1
  m_PrefabParentObject: {fileID: 0}
  m_PrefabInternal: {fileID: 100100000}
  serializedVersion: 5
  m_Component:
  - component: {fileID: 4078912612018984}
  - component: {fileID: 136302896829388688}
  m_Layer: 9
  m_Name: Left_Knee
  m_TagString: Robot
  m_Icon: {fileID: 0}
  m_NavMeshLayer: 0
  m_StaticEditorFlags: 0
  m_IsActive: 1
--- !u!1 &1863993537594592
GameObject:
  m_ObjectHideFlags: 1
  m_PrefabParentObject: {fileID: 0}
  m_PrefabInternal: {fileID: 100100000}
  serializedVersion: 5
  m_Component:
  - component: {fileID: 4644105839965500}
  - component: {fileID: 33302832767632390}
  - component: {fileID: 23359442437823128}
  m_Layer: 0
  m_Name: Guardian_Coil
  m_TagString: Untagged
  m_Icon: {fileID: 0}
  m_NavMeshLayer: 0
  m_StaticEditorFlags: 0
  m_IsActive: 1
--- !u!1 &1866523536543320
GameObject:
  m_ObjectHideFlags: 1
  m_PrefabParentObject: {fileID: 0}
  m_PrefabInternal: {fileID: 100100000}
  serializedVersion: 5
  m_Component:
  - component: {fileID: 4003992838557754}
  m_Layer: 9
  m_Name: Right_toe_3_1
  m_TagString: Robot
  m_Icon: {fileID: 0}
  m_NavMeshLayer: 0
  m_StaticEditorFlags: 0
  m_IsActive: 1
--- !u!1 &1897740193743846
GameObject:
  m_ObjectHideFlags: 1
  m_PrefabParentObject: {fileID: 0}
  m_PrefabInternal: {fileID: 100100000}
  serializedVersion: 5
  m_Component:
  - component: {fileID: 4130581514964772}
  m_Layer: 9
  m_Name: Left_toe_1_3
  m_TagString: Untagged
  m_Icon: {fileID: 0}
  m_NavMeshLayer: 0
  m_StaticEditorFlags: 0
  m_IsActive: 1
--- !u!1 &1897879487060578
GameObject:
  m_ObjectHideFlags: 0
  m_PrefabParentObject: {fileID: 0}
  m_PrefabInternal: {fileID: 100100000}
  serializedVersion: 5
  m_Component:
  - component: {fileID: 4945406316294980}
  - component: {fileID: 137131303205778120}
  m_Layer: 9
  m_Name: Guardian_Body
  m_TagString: Robot
  m_Icon: {fileID: 0}
  m_NavMeshLayer: 0
  m_StaticEditorFlags: 0
  m_IsActive: 1
--- !u!1 &1903583160000222
GameObject:
  m_ObjectHideFlags: 1
  m_PrefabParentObject: {fileID: 0}
  m_PrefabInternal: {fileID: 100100000}
  serializedVersion: 5
  m_Component:
  - component: {fileID: 4574355527662804}
  m_Layer: 9
  m_Name: Left_toe_2_3
  m_TagString: Untagged
  m_Icon: {fileID: 0}
  m_NavMeshLayer: 0
  m_StaticEditorFlags: 0
  m_IsActive: 1
--- !u!1 &1907630154534166
GameObject:
  m_ObjectHideFlags: 1
  m_PrefabParentObject: {fileID: 0}
  m_PrefabInternal: {fileID: 100100000}
  serializedVersion: 5
  m_Component:
  - component: {fileID: 4974757216354224}
  - component: {fileID: 33175500901118348}
  - component: {fileID: 23693043745283122}
  m_Layer: 0
  m_Name: Left_Fan
  m_TagString: Untagged
  m_Icon: {fileID: 0}
  m_NavMeshLayer: 0
  m_StaticEditorFlags: 0
  m_IsActive: 1
--- !u!1 &1917181183401830
GameObject:
  m_ObjectHideFlags: 1
  m_PrefabParentObject: {fileID: 0}
  m_PrefabInternal: {fileID: 100100000}
  serializedVersion: 5
  m_Component:
  - component: {fileID: 4493062401044672}
  - component: {fileID: 136107193245007816}
  m_Layer: 9
  m_Name: Hip
  m_TagString: Robot
  m_Icon: {fileID: 0}
  m_NavMeshLayer: 0
  m_StaticEditorFlags: 0
  m_IsActive: 1
--- !u!1 &1989821210388892
GameObject:
  m_ObjectHideFlags: 1
  m_PrefabParentObject: {fileID: 0}
  m_PrefabInternal: {fileID: 100100000}
  serializedVersion: 5
  m_Component:
  - component: {fileID: 4354420010751328}
  m_Layer: 9
  m_Name: Left_Finger_3_1
  m_TagString: Untagged
  m_Icon: {fileID: 0}
  m_NavMeshLayer: 0
  m_StaticEditorFlags: 0
  m_IsActive: 1
--- !u!1 &1991692033475706
GameObject:
  m_ObjectHideFlags: 1
  m_PrefabParentObject: {fileID: 0}
  m_PrefabInternal: {fileID: 100100000}
  serializedVersion: 5
  m_Component:
  - component: {fileID: 4879861477529732}
  - component: {fileID: 33824472059470488}
  - component: {fileID: 23445573664914976}
  m_Layer: 0
  m_Name: Right_Fan
  m_TagString: Untagged
  m_Icon: {fileID: 0}
  m_NavMeshLayer: 0
  m_StaticEditorFlags: 0
  m_IsActive: 1
--- !u!1 &1994002064280188
GameObject:
  m_ObjectHideFlags: 1
  m_PrefabParentObject: {fileID: 0}
  m_PrefabInternal: {fileID: 100100000}
  serializedVersion: 5
  m_Component:
  - component: {fileID: 4007275876864776}
  m_Layer: 9
  m_Name: Left_Finger_2_3
  m_TagString: Untagged
  m_Icon: {fileID: 0}
  m_NavMeshLayer: 0
  m_StaticEditorFlags: 0
  m_IsActive: 1
--- !u!1 &1996984006122300
GameObject:
  m_ObjectHideFlags: 1
  m_PrefabParentObject: {fileID: 0}
  m_PrefabInternal: {fileID: 100100000}
  serializedVersion: 5
  m_Component:
  - component: {fileID: 4731753020870966}
  - component: {fileID: 136903242728226600}
  m_Layer: 9
  m_Name: Right_Shoulder
  m_TagString: Robot
  m_Icon: {fileID: 0}
  m_NavMeshLayer: 0
  m_StaticEditorFlags: 0
  m_IsActive: 1
--- !u!4 &4003992838557754
Transform:
  m_ObjectHideFlags: 1
  m_PrefabParentObject: {fileID: 0}
  m_PrefabInternal: {fileID: 100100000}
  m_GameObject: {fileID: 1866523536543320}
  m_LocalRotation: {x: -0.023966553, y: -0.06471687, z: -0.34645256, w: 0.93552554}
  m_LocalPosition: {x: 0.40170336, y: 0.022586575, z: 0.141052}
  m_LocalScale: {x: 1, y: 1, z: 1}
  m_Children:
  - {fileID: 4669560385967288}
  m_Father: {fileID: 4347500945162948}
  m_RootOrder: 2
  m_LocalEulerAnglesHint: {x: -5.1455026, y: -6.021678, z: -40.37131}
--- !u!4 &4007275876864776
Transform:
  m_ObjectHideFlags: 1
  m_PrefabParentObject: {fileID: 0}
  m_PrefabInternal: {fileID: 100100000}
  m_GameObject: {fileID: 1994002064280188}
  m_LocalRotation: {x: 0.0016208361, y: 0.00019596463, z: -0.074230865, w: 0.99723977}
  m_LocalPosition: {x: -0.20301655, y: -0.0021953774, z: -0.000015256428}
  m_LocalScale: {x: 1, y: 1, z: 1}
  m_Children:
  - {fileID: 4012197914783772}
  m_Father: {fileID: 4036244170230260}
  m_RootOrder: 0
  m_LocalEulerAnglesHint: {x: -0.16727524, y: -2.037273, z: -35.969902}
--- !u!4 &4010701657774526
Transform:
  m_ObjectHideFlags: 1
  m_PrefabParentObject: {fileID: 0}
  m_PrefabInternal: {fileID: 100100000}
  m_GameObject: {fileID: 1531741293281950}
  m_LocalRotation: {x: -0.008070418, y: -0.7070607, z: -0.008070418, w: 0.70706075}
  m_LocalPosition: {x: 0.16113505, y: 0.0015792939, z: -0.00000031411494}
  m_LocalScale: {x: 1, y: 1, z: 1}
  m_Children: []
  m_Father: {fileID: 4416692719525124}
  m_RootOrder: 0
  m_LocalEulerAnglesHint: {x: -1.3078946, y: -90, z: 0}
--- !u!4 &4012197914783772
Transform:
  m_ObjectHideFlags: 1
  m_PrefabParentObject: {fileID: 0}
  m_PrefabInternal: {fileID: 100100000}
  m_GameObject: {fileID: 1200349872428668}
  m_LocalRotation: {x: -0.0016249159, y: -0.0001586205, z: 0.097155735, w: 0.99526787}
  m_LocalPosition: {x: -0.15137644, y: -0.0024958097, z: 0.000008231636}
  m_LocalScale: {x: 1, y: 1, z: 1}
  m_Children: []
  m_Father: {fileID: 4007275876864776}
  m_RootOrder: 0
  m_LocalEulerAnglesHint: {x: -0.18355289, y: -0.03618053, z: 11.150891}
--- !u!4 &4036244170230260
Transform:
  m_ObjectHideFlags: 1
  m_PrefabParentObject: {fileID: 0}
  m_PrefabInternal: {fileID: 100100000}
  m_GameObject: {fileID: 1621629238037982}
  m_LocalRotation: {x: 0, y: -0, z: -0.10260502, w: 0.9947222}
  m_LocalPosition: {x: -0.22986166, y: 0.01243911, z: 1.0628582e-11}
  m_LocalScale: {x: 1, y: 1, z: 1}
  m_Children:
  - {fileID: 4007275876864776}
  m_Father: {fileID: 4454431276883042}
  m_RootOrder: 0
  m_LocalEulerAnglesHint: {x: -0.7297381, y: -1.8487644, z: -39.228558}
--- !u!4 &4042529184968660
Transform:
  m_ObjectHideFlags: 1
  m_PrefabParentObject: {fileID: 0}
  m_PrefabInternal: {fileID: 100100000}
  m_GameObject: {fileID: 1015171823197194}
  m_LocalRotation: {x: 0.3472779, y: 0.9377542, z: 0.0013524786, w: -0.003652097}
  m_LocalPosition: {x: -0.12823363, y: 0.49915022, z: 0.002638011}
  m_LocalScale: {x: 1, y: 1, z: 1}
  m_Children:
  - {fileID: 4416692719525124}
  m_Father: {fileID: 4347500945162948}
  m_RootOrder: 0
  m_LocalEulerAnglesHint: {x: -0.29068056, y: -179.66135, z: 40.64127}
--- !u!4 &4047945143048102
Transform:
  m_ObjectHideFlags: 1
  m_PrefabParentObject: {fileID: 0}
  m_PrefabInternal: {fileID: 100100000}
  m_GameObject: {fileID: 1434194680667328}
  m_LocalRotation: {x: 0.80488294, y: -0.06221389, z: 0.04997864, w: 0.5880434}
  m_LocalPosition: {x: 0.07373, y: -0.058049995, z: 0.198729}
  m_LocalScale: {x: 1, y: 1, z: 1}
  m_Children:
  - {fileID: 4506047937634478}
  m_Father: {fileID: 4207648322159702}
  m_RootOrder: 2
  m_LocalEulerAnglesHint: {x: 73.60537, y: 165.98357, z: -114.44046}
--- !u!4 &4052427035789858
Transform:
  m_ObjectHideFlags: 1
  m_PrefabParentObject: {fileID: 0}
  m_PrefabInternal: {fileID: 100100000}
  m_GameObject: {fileID: 1174911333529380}
  m_LocalRotation: {x: -0.0016249159, y: -0.0001586205, z: 0.097155735, w: 0.99526787}
  m_LocalPosition: {x: -0.15137644, y: -0.0024958097, z: 0.000008231636}
  m_LocalScale: {x: 1, y: 1, z: 1}
  m_Children: []
  m_Father: {fileID: 4595350847650190}
  m_RootOrder: 0
  m_LocalEulerAnglesHint: {x: -0.18355289, y: -0.03618053, z: 11.150891}
--- !u!4 &4064169993350712
Transform:
  m_ObjectHideFlags: 1
  m_PrefabParentObject: {fileID: 0}
  m_PrefabInternal: {fileID: 100100000}
  m_GameObject: {fileID: 1182210439803274}
  m_LocalRotation: {x: -0.008070418, y: -0.7070607, z: -0.008070418, w: 0.70706075}
  m_LocalPosition: {x: 0.25140887, y: 0.00000013814775, z: 0.000000007170889}
  m_LocalScale: {x: 1, y: 1, z: 1}
  m_Children: []
  m_Father: {fileID: 4669560385967288}
  m_RootOrder: 0
  m_LocalEulerAnglesHint: {x: -1.3078946, y: -90, z: 0}
--- !u!4 &4073929224123406
Transform:
  m_ObjectHideFlags: 1
  m_PrefabParentObject: {fileID: 0}
  m_PrefabInternal: {fileID: 100100000}
  m_GameObject: {fileID: 1414357906327526}
  m_LocalRotation: {x: 1.6316014e-16, y: -2.8193116e-16, z: 0.008307897, w: 0.9999655}
  m_LocalPosition: {x: -0.2292643, y: -0.00057456654, z: 0.000000003299495}
  m_LocalScale: {x: 1, y: 1, z: 1}
  m_Children:
  - {fileID: 4574355527662804}
  m_Father: {fileID: 4521919148054998}
  m_RootOrder: 0
  m_LocalEulerAnglesHint: {x: -4.9423e-15, y: -5.1093324e-15, z: 0.95202583}
--- !u!4 &4078912612018984
Transform:
  m_ObjectHideFlags: 1
  m_PrefabParentObject: {fileID: 0}
  m_PrefabInternal: {fileID: 100100000}
  m_GameObject: {fileID: 1862341785733500}
  m_LocalRotation: {x: 0.9131405, y: 0.407645, z: -2.4961057e-17, w: -5.591373e-17}
  m_LocalPosition: {x: -1.0343281, y: 0, z: 0}
  m_LocalScale: {x: 1, y: 1, z: 1}
  m_Children:
  - {fileID: 4544234088234564}
  m_Father: {fileID: 4878981678378688}
  m_RootOrder: 0
  m_LocalEulerAnglesHint: {x: 9.845909e-15, y: -180, z: 52.15622}
--- !u!4 &4118632038554232
Transform:
  m_ObjectHideFlags: 1
  m_PrefabParentObject: {fileID: 0}
  m_PrefabInternal: {fileID: 100100000}
  m_GameObject: {fileID: 1430691654239440}
  m_LocalRotation: {x: 0, y: 0, z: 0, w: 1}
  m_LocalPosition: {x: 0, y: 0, z: 0}
  m_LocalScale: {x: 10, y: 10, z: 10}
  m_Children: []
  m_Father: {fileID: 4601432336400742}
  m_RootOrder: 3
  m_LocalEulerAnglesHint: {x: 0, y: 0, z: 0}
--- !u!4 &4130581514964772
Transform:
  m_ObjectHideFlags: 1
  m_PrefabParentObject: {fileID: 0}
  m_PrefabInternal: {fileID: 100100000}
  m_GameObject: {fileID: 1897740193743846}
  m_LocalRotation: {x: -0.008070418, y: -0.7070607, z: -0.008070418, w: 0.70706075}
  m_LocalPosition: {x: -0.16113472, y: -0.0015792913, z: 0.0000000029757614}
  m_LocalScale: {x: 1, y: 1, z: 1}
  m_Children: []
  m_Father: {fileID: 4998208761292108}
  m_RootOrder: 0
  m_LocalEulerAnglesHint: {x: -1.3078946, y: -90, z: 0}
--- !u!4 &4133000509840648
Transform:
  m_ObjectHideFlags: 1
  m_PrefabParentObject: {fileID: 0}
  m_PrefabInternal: {fileID: 100100000}
  m_GameObject: {fileID: 1532564723681892}
  m_LocalRotation: {x: 0.44647136, y: -0.54211503, z: 0.35239044, w: 0.61854315}
  m_LocalPosition: {x: -1.222, y: 0.476, z: 0.679}
  m_LocalScale: {x: 1, y: 1, z: 1}
  m_Children: []
  m_Father: {fileID: 4947158400273318}
  m_RootOrder: 3
  m_LocalEulerAnglesHint: {x: 69.131004, y: -87.82001, z: -7.7660003}
--- !u!4 &4207648322159702
Transform:
  m_ObjectHideFlags: 1
  m_PrefabParentObject: {fileID: 0}
  m_PrefabInternal: {fileID: 100100000}
  m_GameObject: {fileID: 1030491878940010}
  m_LocalRotation: {x: 0, y: 0, z: 0.0024926506, w: 0.9999969}
  m_LocalPosition: {x: 1.5576452, y: 0.012865465, z: 1.7763567e-16}
  m_LocalScale: {x: 1, y: 1, z: 1}
  m_Children:
  - {fileID: 4896166642201928}
  - {fileID: 4733740321262920}
  - {fileID: 4047945143048102}
  m_Father: {fileID: 4514070000987104}
  m_RootOrder: 0
  m_LocalEulerAnglesHint: {x: -0.23257285, y: -0.0011594202, z: 0.2856382}
--- !u!4 &4228416417282980
Transform:
  m_ObjectHideFlags: 1
  m_PrefabParentObject: {fileID: 0}
  m_PrefabInternal: {fileID: 100100000}
  m_GameObject: {fileID: 1003373491952520}
  m_LocalRotation: {x: 0, y: -0, z: -0.10260502, w: 0.9947222}
  m_LocalPosition: {x: 0.23460875, y: -0.01495689, z: -0.00000020508342}
  m_LocalScale: {x: 1, y: 1, z: 1}
  m_Children:
  - {fileID: 4302298185610554}
  m_Father: {fileID: 4896166642201928}
  m_RootOrder: 0
  m_LocalEulerAnglesHint: {x: 0.26574475, y: -0.9076053, z: -27.401123}
--- !u!4 &4245671782744862
Transform:
  m_ObjectHideFlags: 1
  m_PrefabParentObject: {fileID: 0}
  m_PrefabInternal: {fileID: 100100000}
  m_GameObject: {fileID: 1439410759307738}
  m_LocalRotation: {x: 0.4591792, y: -0.5313731, z: 0.36680424, w: 0.61012447}
  m_LocalPosition: {x: -1.225, y: 0.469, z: -0.683}
  m_LocalScale: {x: 1.0000018, y: 1.0000001, z: 1.0000021}
  m_Children: []
  m_Father: {fileID: 4947158400273318}
  m_RootOrder: 4
  m_LocalEulerAnglesHint: {x: 71.83, y: -87.50201, z: -7.4430003}
--- !u!4 &4302298185610554
Transform:
  m_ObjectHideFlags: 1
  m_PrefabParentObject: {fileID: 0}
  m_PrefabInternal: {fileID: 100100000}
  m_GameObject: {fileID: 1115182340785088}
  m_LocalRotation: {x: 0.0016208361, y: 0.00019596463, z: -0.074230865, w: 0.99723977}
  m_LocalPosition: {x: 0.2024377, y: -0.0025113479, z: -0.000000104987876}
  m_LocalScale: {x: 1, y: 1, z: 1}
  m_Children:
  - {fileID: 4312560993984566}
  m_Father: {fileID: 4228416417282980}
  m_RootOrder: 0
  m_LocalEulerAnglesHint: {x: 0.6277116, y: -0.87630177, z: -24.138323}
--- !u!4 &4312560993984566
Transform:
  m_ObjectHideFlags: 1
  m_PrefabParentObject: {fileID: 0}
  m_PrefabInternal: {fileID: 100100000}
  m_GameObject: {fileID: 1855909175989084}
  m_LocalRotation: {x: -0.0016249159, y: -0.0001586205, z: 0.097155735, w: 0.99526787}
  m_LocalPosition: {x: 0.15137924, y: 0.0024991152, z: -0.000008562814}
  m_LocalScale: {x: 1, y: 1, z: 1}
  m_Children: []
  m_Father: {fileID: 4302298185610554}
  m_RootOrder: 0
  m_LocalEulerAnglesHint: {x: -0.18355289, y: -0.03618053, z: 11.150891}
--- !u!4 &4330127427422796
Transform:
  m_ObjectHideFlags: 1
  m_PrefabParentObject: {fileID: 0}
  m_PrefabInternal: {fileID: 100100000}
  m_GameObject: {fileID: 1293042051142912}
  m_LocalRotation: {x: -5.0479537e-16, y: -6.5428385e-17, z: 0.008307897, w: 0.9999655}
  m_LocalPosition: {x: 0.22926348, y: 0.0005745737, z: -0.0000008130954}
  m_LocalScale: {x: 1, y: 1, z: 1}
  m_Children:
  - {fileID: 4456287984080484}
  m_Father: {fileID: 4849962472950528}
  m_RootOrder: 0
  m_LocalEulerAnglesHint: {x: -4.9423e-15, y: -5.1093324e-15, z: 0.95202583}
--- !u!4 &4336153168899120
Transform:
  m_ObjectHideFlags: 1
  m_PrefabParentObject: {fileID: 0}
  m_PrefabInternal: {fileID: 100100000}
  m_GameObject: {fileID: 1194843072335252}
  m_LocalRotation: {x: -0.008070418, y: -0.7070607, z: -0.008070418, w: 0.70706075}
  m_LocalPosition: {x: -0.25141197, y: -4.938554e-16, z: 0.0000000044334727}
  m_LocalScale: {x: 1, y: 1, z: 1}
  m_Children: []
  m_Father: {fileID: 4652146541974408}
  m_RootOrder: 0
  m_LocalEulerAnglesHint: {x: -1.3078946, y: -90, z: 0}
--- !u!4 &4347500945162948
Transform:
  m_ObjectHideFlags: 1
  m_PrefabParentObject: {fileID: 0}
  m_PrefabInternal: {fileID: 100100000}
  m_GameObject: {fileID: 1115650022099090}
  m_LocalRotation: {x: 0.0000000031297338, y: 0.000000027700521, z: -0.11227034, w: 0.9936777}
  m_LocalPosition: {x: 0.88289815, y: -0.0064951777, z: -1.3687547e-10}
  m_LocalScale: {x: 1, y: 1, z: 1}
  m_Children:
  - {fileID: 4042529184968660}
  - {fileID: 4849962472950528}
  - {fileID: 4003992838557754}
  m_Father: {fileID: 4682107211277568}
  m_RootOrder: 0
  m_LocalEulerAnglesHint: {x: -0.000685531, y: -0.025827669, z: -13.134807}
--- !u!4 &4354046782801018
Transform:
  m_ObjectHideFlags: 1
  m_PrefabParentObject: {fileID: 0}
  m_PrefabInternal: {fileID: 100100000}
  m_GameObject: {fileID: 1622036907971334}
  m_LocalRotation: {x: 0.9888398, y: 0.14898263, z: 5.5430477e-18, w: -2.8730918e-16}
  m_LocalPosition: {x: -0.07851413, y: -0.16328904, z: -0.45994398}
  m_LocalScale: {x: 1, y: 1, z: 1}
  m_Children:
  - {fileID: 4579803036992130}
  m_Father: {fileID: 4460204083213300}
  m_RootOrder: 2
  m_LocalEulerAnglesHint: {x: 20.934727, y: 153.80804, z: 58.10063}
--- !u!4 &4354420010751328
Transform:
  m_ObjectHideFlags: 1
  m_PrefabParentObject: {fileID: 0}
  m_PrefabInternal: {fileID: 100100000}
  m_GameObject: {fileID: 1989821210388892}
  m_LocalRotation: {x: 0.80488294, y: -0.06221389, z: 0.04997864, w: 0.5880434}
  m_LocalPosition: {x: -0.07203447, y: 0.05792943, z: -0.1981726}
  m_LocalScale: {x: 1, y: 1, z: 1}
  m_Children:
  - {fileID: 4709470034866674}
  m_Father: {fileID: 4566931701096878}
  m_RootOrder: 2
  m_LocalEulerAnglesHint: {x: 68.92571, y: -176.70586, z: -156.97115}
--- !u!4 &4371267230673282
Transform:
  m_ObjectHideFlags: 1
  m_PrefabParentObject: {fileID: 0}
  m_PrefabInternal: {fileID: 100100000}
  m_GameObject: {fileID: 1409132938721494}
  m_LocalRotation: {x: -0.110950224, y: 0.009812247, z: 0.07919692, w: 0.9906168}
  m_LocalPosition: {x: -0.07011117, y: -0.20695245, z: 0.05258493}
  m_LocalScale: {x: 1, y: 1, z: 1}
  m_Children:
  - {fileID: 4377059233455974}
  m_Father: {fileID: 4566931701096878}
  m_RootOrder: 0
  m_LocalEulerAnglesHint: {x: -11.520751, y: 0.21855822, z: 19.62981}
--- !u!4 &4373727200392788
Transform:
  m_ObjectHideFlags: 1
  m_PrefabParentObject: {fileID: 0}
  m_PrefabInternal: {fileID: 100100000}
  m_GameObject: {fileID: 1221661440635628}
  m_LocalRotation: {x: -0.023966553, y: -0.06471687, z: -0.34645256, w: 0.93552554}
  m_LocalPosition: {x: -0.40170345, y: -0.0225872, z: -0.14105149}
  m_LocalScale: {x: 1, y: 1, z: 1}
  m_Children:
  - {fileID: 4652146541974408}
  m_Father: {fileID: 4669507930124046}
  m_RootOrder: 2
  m_LocalEulerAnglesHint: {x: -6.926771, y: 3.8380756, z: -119.08599}
--- !u!4 &4377059233455974
Transform:
  m_ObjectHideFlags: 1
  m_PrefabParentObject: {fileID: 0}
  m_PrefabInternal: {fileID: 100100000}
  m_GameObject: {fileID: 1004022741603862}
  m_LocalRotation: {x: 0, y: -0, z: -0.10260502, w: 0.9947222}
  m_LocalPosition: {x: -0.23461813, y: 0.014959944, z: -8.5265126e-16}
  m_LocalScale: {x: 1, y: 1, z: 1}
  m_Children:
  - {fileID: 4595350847650190}
  m_Father: {fileID: 4371267230673282}
  m_RootOrder: 0
  m_LocalEulerAnglesHint: {x: -0.274143, y: -1.3821037, z: -39.2721}
--- !u!4 &4416692719525124
Transform:
  m_ObjectHideFlags: 1
  m_PrefabParentObject: {fileID: 0}
  m_PrefabInternal: {fileID: 100100000}
  m_GameObject: {fileID: 1366217562885214}
  m_LocalRotation: {x: 1.7455532e-15, y: 6.0931547e-17, z: 0.008307897, w: 0.9999655}
  m_LocalPosition: {x: 0.16902304, y: -0.0004265278, z: -0.00000049766174}
  m_LocalScale: {x: 1, y: 1, z: 1}
  m_Children:
  - {fileID: 4010701657774526}
  m_Father: {fileID: 4042529184968660}
  m_RootOrder: 0
  m_LocalEulerAnglesHint: {x: 0.00000017695297, y: -0.00000005201725, z: 0.95202583}
--- !u!4 &4445218043529928
Transform:
  m_ObjectHideFlags: 1
  m_PrefabParentObject: {fileID: 0}
  m_PrefabInternal: {fileID: 100100000}
  m_GameObject: {fileID: 1851058449539624}
  m_LocalRotation: {x: 0.3472779, y: 0.9377542, z: 0.0013524786, w: -0.003652097}
  m_LocalPosition: {x: 0.12823339, y: -0.4991507, z: -0.002638002}
  m_LocalScale: {x: 1, y: 1, z: 1}
  m_Children:
  - {fileID: 4998208761292108}
  m_Father: {fileID: 4669507930124046}
  m_RootOrder: 0
  m_LocalEulerAnglesHint: {x: -0.2906691, y: -179.66136, z: 40.64127}
--- !u!4 &4454431276883042
Transform:
  m_ObjectHideFlags: 1
  m_PrefabParentObject: {fileID: 0}
  m_PrefabInternal: {fileID: 100100000}
  m_GameObject: {fileID: 1438661460806168}
  m_LocalRotation: {x: 0.90877116, y: -0.074179396, z: -0.029425329, w: -0.4095932}
  m_LocalPosition: {x: -0.07500364, y: 0.14100622, z: 0.15832944}
  m_LocalScale: {x: 1, y: 1, z: 1}
  m_Children:
  - {fileID: 4036244170230260}
  m_Father: {fileID: 4566931701096878}
  m_RootOrder: 1
  m_LocalEulerAnglesHint: {x: -44.457447, y: 175.87366, z: -156.80983}
--- !u!4 &4456287984080484
Transform:
  m_ObjectHideFlags: 1
  m_PrefabParentObject: {fileID: 0}
  m_PrefabInternal: {fileID: 100100000}
  m_GameObject: {fileID: 1654377287656912}
  m_LocalRotation: {x: -0.008070418, y: -0.7070607, z: -0.008070418, w: 0.70706075}
  m_LocalPosition: {x: 0.23030378, y: 0.00000006984591, z: 0.00000003862151}
  m_LocalScale: {x: 1, y: 1, z: 1}
  m_Children: []
  m_Father: {fileID: 4330127427422796}
  m_RootOrder: 0
  m_LocalEulerAnglesHint: {x: -1.3078946, y: -90, z: 0}
--- !u!4 &4460204083213300
Transform:
  m_ObjectHideFlags: 1
  m_PrefabParentObject: {fileID: 0}
  m_PrefabInternal: {fileID: 100100000}
  m_GameObject: {fileID: 1507503468636184}
  m_LocalRotation: {x: 0.49993777, y: -0.5000622, z: -0.49993777, w: 0.5000622}
  m_LocalPosition: {x: -0, y: 2.7974865, z: 0.1411382}
  m_LocalScale: {x: 1, y: 1, z: 1}
  m_Children:
  - {fileID: 4493062401044672}
  - {fileID: 4878981678378688}
  - {fileID: 4354046782801018}
  m_Father: {fileID: 4601432336400742}
  m_RootOrder: 2
  m_LocalEulerAnglesHint: {x: 22.845888, y: -67.10074, z: -131.26363}
--- !u!4 &4493062401044672
Transform:
  m_ObjectHideFlags: 1
  m_PrefabParentObject: {fileID: 0}
  m_PrefabInternal: {fileID: 100100000}
  m_GameObject: {fileID: 1917181183401830}
  m_LocalRotation: {x: 1, y: -0.00022200424, z: -2.7741982e-17, w: -6.1238503e-17}
  m_LocalPosition: {x: -0.37126616, y: 8.121975e-17, z: -1.648753e-16}
  m_LocalScale: {x: 1, y: 1, z: 1}
  m_Children:
  - {fileID: 4947158400273318}
  m_Father: {fileID: 4460204083213300}
  m_RootOrder: 0
  m_LocalEulerAnglesHint: {x: -3.0357513, y: 179.99924, z: -179.97453}
--- !u!4 &4506047937634478
Transform:
  m_ObjectHideFlags: 1
  m_PrefabParentObject: {fileID: 0}
  m_PrefabInternal: {fileID: 100100000}
  m_GameObject: {fileID: 1093905530352924}
  m_LocalRotation: {x: 0, y: -0, z: -0.10260502, w: 0.9947222}
  m_LocalPosition: {x: 0.23340599, y: -0.008789488, z: -0.0000035836038}
  m_LocalScale: {x: 1, y: 1, z: 1}
  m_Children:
  - {fileID: 4906079984893042}
  m_Father: {fileID: 4047945143048102}
  m_RootOrder: 0
  m_LocalEulerAnglesHint: {x: -0.4009853, y: -0.836974, z: -27.39714}
--- !u!4 &4514070000987104
Transform:
  m_ObjectHideFlags: 1
  m_PrefabParentObject: {fileID: 0}
  m_PrefabInternal: {fileID: 100100000}
  m_GameObject: {fileID: 1811212874858520}
  m_LocalRotation: {x: 0.0002884803, y: 0.043618437, z: -0.0066072857, w: 0.9990264}
  m_LocalPosition: {x: 1.0232732, y: -0.01353413, z: 2.4868996e-16}
  m_LocalScale: {x: 1, y: 1, z: 1}
  m_Children:
  - {fileID: 4207648322159702}
  m_Father: {fileID: 4731753020870966}
  m_RootOrder: 0
  m_LocalEulerAnglesHint: {x: 0.16342804, y: 100.13666, z: -0.74208283}
--- !u!4 &4519061140439412
Transform:
  m_ObjectHideFlags: 1
  m_PrefabParentObject: {fileID: 0}
  m_PrefabInternal: {fileID: 100100000}
  m_GameObject: {fileID: 1698677100204226}
  m_LocalRotation: {x: 0, y: 0, z: 0, w: 1}
  m_LocalPosition: {x: 0, y: 2, z: 0}
  m_LocalScale: {x: 1, y: 1, z: 1}
  m_Children: []
  m_Father: {fileID: 4704862778819298}
  m_RootOrder: 1
  m_LocalEulerAnglesHint: {x: 0, y: 0, z: 0}
--- !u!4 &4520509521584360
Transform:
  m_ObjectHideFlags: 1
  m_PrefabParentObject: {fileID: 0}
  m_PrefabInternal: {fileID: 100100000}
  m_GameObject: {fileID: 1202425432880122}
  m_LocalRotation: {x: 0.000010761897, y: 0.04361939, z: -0.00024648805, w: 0.99904823}
  m_LocalPosition: {x: -1.0232764, y: 0.013535928, z: 0.000000028610229}
  m_LocalScale: {x: 1, y: 1, z: 1}
  m_Children:
  - {fileID: 4566931701096878}
  - {fileID: 4644105839965500}
  - {fileID: 4582553261381940}
  m_Father: {fileID: 4704862778819298}
  m_RootOrder: 0
  m_LocalEulerAnglesHint: {x: 0.119351655, y: 70.55005, z: -0.060595185}
--- !u!4 &4521919148054998
Transform:
  m_ObjectHideFlags: 1
  m_PrefabParentObject: {fileID: 0}
  m_PrefabInternal: {fileID: 100100000}
  m_GameObject: {fileID: 1254548832393962}
  m_LocalRotation: {x: 0.021017425, y: 0.056753334, z: -0.34664395, w: 0.93604237}
  m_LocalPosition: {x: -0.4008743, y: -0.02356929, z: 0.097827606}
  m_LocalScale: {x: 1, y: 1, z: 1}
  m_Children:
  - {fileID: 4073929224123406}
  m_Father: {fileID: 4669507930124046}
  m_RootOrder: 1
  m_LocalEulerAnglesHint: {x: 6.074387, y: -3.3613203, z: -119.03202}
--- !u!4 &4544234088234564
Transform:
  m_ObjectHideFlags: 1
  m_PrefabParentObject: {fileID: 0}
  m_PrefabInternal: {fileID: 100100000}
  m_GameObject: {fileID: 1069332340012474}
  m_LocalRotation: {x: 0.83353245, y: 0.5524705, z: 0.000000005821223, w: 0.000000008782692}
  m_LocalPosition: {x: -0.96885425, y: 7.101633e-17, z: -3.6035532e-16}
  m_LocalScale: {x: 1, y: 1, z: 1}
  m_Children:
  - {fileID: 4669507930124046}
  m_Father: {fileID: 4078912612018984}
  m_RootOrder: 0
  m_LocalEulerAnglesHint: {x: -2.405557, y: 178.97171, z: 102.881744}
--- !u!4 &4561786513973518
Transform:
  m_ObjectHideFlags: 1
  m_PrefabParentObject: {fileID: 0}
  m_PrefabInternal: {fileID: 100100000}
  m_GameObject: {fileID: 1333904796145036}
  m_LocalRotation: {x: 0.0016208361, y: 0.00019596463, z: -0.074230865, w: 0.99723977}
  m_LocalPosition: {x: -0.20301546, y: -0.0007422168, z: -0.000010516627}
  m_LocalScale: {x: 1, y: 1, z: 1}
  m_Children:
  - {fileID: 4951044743201456}
  m_Father: {fileID: 4709470034866674}
  m_RootOrder: 0
  m_LocalEulerAnglesHint: {x: -0.02453367, y: -1.6662185, z: -35.998013}
--- !u!4 &4566931701096878
Transform:
  m_ObjectHideFlags: 1
  m_PrefabParentObject: {fileID: 0}
  m_PrefabInternal: {fileID: 100100000}
  m_GameObject: {fileID: 1583947339565584}
  m_LocalRotation: {x: -8.739681e-14, y: 3.5061298e-11, z: 0.0024926506, w: 0.9999969}
  m_LocalPosition: {x: -1.559456, y: -0.012338802, z: -0.0005560711}
  m_LocalScale: {x: 1, y: 1, z: 1}
  m_Children:
  - {fileID: 4371267230673282}
  - {fileID: 4454431276883042}
  - {fileID: 4354420010751328}
  m_Father: {fileID: 4520509521584360}
  m_RootOrder: 0
  m_LocalEulerAnglesHint: {x: 28.243862, y: 0.15343988, z: 0.32424256}
--- !u!4 &4567083741809956
Transform:
  m_ObjectHideFlags: 1
  m_PrefabParentObject: {fileID: 0}
  m_PrefabInternal: {fileID: 100100000}
  m_GameObject: {fileID: 1711226787246480}
  m_LocalRotation: {x: 0, y: 0, z: 0.5033864, w: 0.8640614}
  m_LocalPosition: {x: -0.63519156, y: -0.16527455, z: 3.1553142e-16}
  m_LocalScale: {x: 1, y: 1, z: 1}
  m_Children:
  - {fileID: 4662528942929274}
  m_Father: {fileID: 4947158400273318}
  m_RootOrder: 1
  m_LocalEulerAnglesHint: {x: 18.191942, y: -0.43349147, z: 62.1779}
--- !u!4 &4574355527662804
Transform:
  m_ObjectHideFlags: 1
  m_PrefabParentObject: {fileID: 0}
  m_PrefabInternal: {fileID: 100100000}
  m_GameObject: {fileID: 1903583160000222}
  m_LocalRotation: {x: -0.008070418, y: -0.7070607, z: -0.008070418, w: 0.70706075}
  m_LocalPosition: {x: -0.23030768, y: -4.882642e-16, z: 0.0000000044334727}
  m_LocalScale: {x: 1, y: 1, z: 1}
  m_Children: []
  m_Father: {fileID: 4073929224123406}
  m_RootOrder: 0
  m_LocalEulerAnglesHint: {x: -1.3078946, y: -90, z: 0}
--- !u!4 &4579803036992130
Transform:
  m_ObjectHideFlags: 1
  m_PrefabParentObject: {fileID: 0}
  m_PrefabInternal: {fileID: 100100000}
  m_GameObject: {fileID: 1301300560021864}
  m_LocalRotation: {x: 0.9131405, y: 0.407645, z: -2.4961057e-17, w: -5.591373e-17}
  m_LocalPosition: {x: 1.0343312, y: 0.0000009656754, z: -3.5527135e-16}
  m_LocalScale: {x: 1, y: 1, z: 1}
  m_Children:
  - {fileID: 4682107211277568}
  m_Father: {fileID: 4354046782801018}
  m_RootOrder: 0
  m_LocalEulerAnglesHint: {x: 7.237192e-15, y: -180, z: 71.15124}
--- !u!4 &4582553261381940
Transform:
  m_ObjectHideFlags: 1
  m_PrefabParentObject: {fileID: 0}
  m_PrefabInternal: {fileID: 100100000}
  m_GameObject: {fileID: 1048774795147374}
  m_LocalRotation: {x: -0.00000010074653, y: -0.000000014901159, z: 0.0024926276,
    w: 0.9999969}
  m_LocalPosition: {x: -1.6198289, y: 0.46336648, z: 0.005444005}
  m_LocalScale: {x: 1, y: 1, z: 1}
  m_Children: []
  m_Father: {fileID: 4520509521584360}
  m_RootOrder: 2
  m_LocalEulerAnglesHint: {x: 0, y: 0, z: 0}
--- !u!4 &4595350847650190
Transform:
  m_ObjectHideFlags: 1
  m_PrefabParentObject: {fileID: 0}
  m_PrefabInternal: {fileID: 100100000}
  m_GameObject: {fileID: 1252856102468260}
  m_LocalRotation: {x: 0.0016208361, y: 0.00019596463, z: -0.074230865, w: 0.99723977}
  m_LocalPosition: {x: -0.20243293, y: 0.0025087555, z: 8.5265126e-16}
  m_LocalScale: {x: 1, y: 1, z: 1}
  m_Children:
  - {fileID: 4052427035789858}
  m_Father: {fileID: 4377059233455974}
  m_RootOrder: 0
  m_LocalEulerAnglesHint: {x: 0.18346277, y: -1.4876095, z: -36.011375}
--- !u!4 &4601432336400742
Transform:
  m_ObjectHideFlags: 1
  m_PrefabParentObject: {fileID: 0}
  m_PrefabInternal: {fileID: 100100000}
  m_GameObject: {fileID: 1768650775254454}
  m_LocalRotation: {x: -0, y: -0.99999654, z: -0, w: -0.002637804}
  m_LocalPosition: {x: 0, y: -1.41, z: 3.52}
  m_LocalScale: {x: 0.5, y: 0.5, z: 0.5}
  m_Children:
  - {fileID: 4945406316294980}
  - {fileID: 4859350765240168}
  - {fileID: 4460204083213300}
  - {fileID: 4118632038554232}
  - {fileID: 4976673610293888}
  m_Father: {fileID: 0}
  m_RootOrder: 0
  m_LocalEulerAnglesHint: {x: 0, y: -180.30199, z: 0}
--- !u!4 &4632248219329322
Transform:
  m_ObjectHideFlags: 1
  m_PrefabParentObject: {fileID: 0}
  m_PrefabInternal: {fileID: 100100000}
  m_GameObject: {fileID: 1312199353199416}
  m_LocalRotation: {x: 0.09202721, y: -0.7010927, z: 0.09202721, w: 0.7010927}
  m_LocalPosition: {x: -0.3254907, y: 0.0063959295, z: 4.786346e-17}
  m_LocalScale: {x: 1, y: 1, z: 1}
  m_Children: []
  m_Father: {fileID: 4662528942929274}
  m_RootOrder: 0
  m_LocalEulerAnglesHint: {x: 14.956072, y: -90, z: 0}
--- !u!4 &4644105839965500
Transform:
  m_ObjectHideFlags: 1
  m_PrefabParentObject: {fileID: 0}
  m_PrefabInternal: {fileID: 100100000}
  m_GameObject: {fileID: 1863993537594592}
  m_LocalRotation: {x: -0.000000041855852, y: 0.00000001117587, z: 0.002492645, w: 0.99999696}
  m_LocalPosition: {x: -1.072, y: 0.008, z: 0.008}
  m_LocalScale: {x: 1, y: 1, z: 1}
  m_Children: []
  m_Father: {fileID: 4520509521584360}
  m_RootOrder: 1
  m_LocalEulerAnglesHint: {x: 0, y: 0, z: 0}
--- !u!4 &4652146541974408
Transform:
  m_ObjectHideFlags: 1
  m_PrefabParentObject: {fileID: 0}
  m_PrefabInternal: {fileID: 100100000}
  m_GameObject: {fileID: 1565677405623228}
  m_LocalRotation: {x: -2.3014286e-17, y: 5.562003e-17, z: 0.008307897, w: 0.9999655}
  m_LocalPosition: {x: -0.20816293, y: -0.00022391406, z: 0.0000000032994947}
  m_LocalScale: {x: 1, y: 1, z: 1}
  m_Children:
  - {fileID: 4336153168899120}
  m_Father: {fileID: 4373727200392788}
  m_RootOrder: 0
  m_LocalEulerAnglesHint: {x: -0.000002079169, y: -0.0000018024571, z: 0.9520261}
--- !u!4 &4662528942929274
Transform:
  m_ObjectHideFlags: 1
  m_PrefabParentObject: {fileID: 0}
  m_PrefabInternal: {fileID: 100100000}
  m_GameObject: {fileID: 1629026485301906}
  m_LocalRotation: {x: 0, y: 0, z: 0.046631265, w: 0.99891216}
  m_LocalPosition: {x: -0.32907784, y: 0.12279953, z: 6.88186e-17}
  m_LocalScale: {x: 1, y: 1, z: 1}
  m_Children:
  - {fileID: 4632248219329322}
  m_Father: {fileID: 4567083741809956}
  m_RootOrder: 0
  m_LocalEulerAnglesHint: {x: -4.4076214, y: -14.984861, z: 30.711418}
--- !u!4 &4669507930124046
Transform:
  m_ObjectHideFlags: 1
  m_PrefabParentObject: {fileID: 0}
  m_PrefabInternal: {fileID: 100100000}
  m_GameObject: {fileID: 1723835069673466}
  m_LocalRotation: {x: 1.732709e-16, y: 5.0253472e-17, z: -0.11227034, w: 0.9936777}
  m_LocalPosition: {x: -0.88289535, y: 0.006497662, z: -2.3584182e-16}
  m_LocalScale: {x: 1, y: 1, z: 1}
  m_Children:
  - {fileID: 4445218043529928}
  - {fileID: 4521919148054998}
  - {fileID: 4373727200392788}
  m_Father: {fileID: 4544234088234564}
  m_RootOrder: 0
  m_LocalEulerAnglesHint: {x: 0.0000021649976, y: 0.000013786586, z: -12.89241}
--- !u!4 &4669560385967288
Transform:
  m_ObjectHideFlags: 1
  m_PrefabParentObject: {fileID: 0}
  m_PrefabInternal: {fileID: 100100000}
  m_GameObject: {fileID: 1562177546452106}
  m_LocalRotation: {x: -4.6895337e-17, y: 1.1116508e-16, z: 0.008307897, w: 0.9999655}
  m_LocalPosition: {x: 0.20816219, y: 0.00022391147, z: 0.000000085747764}
  m_LocalScale: {x: 1, y: 1, z: 1}
  m_Children:
  - {fileID: 4064169993350712}
  m_Father: {fileID: 4003992838557754}
  m_RootOrder: 0
  m_LocalEulerAnglesHint: {x: -0.00000017527259, y: -0.000000052017224, z: 0.95202595}
--- !u!4 &4682107211277568
Transform:
  m_ObjectHideFlags: 1
  m_PrefabParentObject: {fileID: 0}
  m_PrefabInternal: {fileID: 100100000}
  m_GameObject: {fileID: 1835052092616438}
  m_LocalRotation: {x: 0.83353245, y: 0.5524705, z: 0.000000021393255, w: 0.00000003190558}
  m_LocalPosition: {x: 0.9688492, y: -0.0000025724787, z: 5.684342e-16}
  m_LocalScale: {x: 1, y: 1, z: 1}
  m_Children:
  - {fileID: 4347500945162948}
  m_Father: {fileID: 4579803036992130}
  m_RootOrder: 0
  m_LocalEulerAnglesHint: {x: -12.222278, y: 169.00157, z: 122.28146}
--- !u!4 &4704862778819298
Transform:
  m_ObjectHideFlags: 1
  m_PrefabParentObject: {fileID: 0}
  m_PrefabInternal: {fileID: 100100000}
  m_GameObject: {fileID: 1630843046836506}
  m_LocalRotation: {x: 0.4558319, y: -0.5405713, z: 0.46027172, w: 0.536796}
  m_LocalPosition: {x: -0.6442343, y: 0.4072696, z: -1.083365}
  m_LocalScale: {x: 1, y: 1, z: 1}
  m_Children:
  - {fileID: 4520509521584360}
  - {fileID: 4519061140439412}
  - {fileID: 4974757216354224}
  m_Father: {fileID: 4947158400273318}
  m_RootOrder: 0
  m_LocalEulerAnglesHint: {x: 65.83837, y: 148.53137, z: -85.34284}
--- !u!4 &4709470034866674
Transform:
  m_ObjectHideFlags: 1
  m_PrefabParentObject: {fileID: 0}
  m_PrefabInternal: {fileID: 100100000}
  m_GameObject: {fileID: 1106530575502326}
  m_LocalRotation: {x: 0, y: -0, z: -0.10260502, w: 0.9947222}
  m_LocalPosition: {x: -0.2334085, y: 0.008789113, z: 4.9459456e-12}
  m_LocalScale: {x: 1, y: 1, z: 1}
  m_Children:
  - {fileID: 4561786513973518}
  m_Father: {fileID: 4354420010751328}
  m_RootOrder: 0
  m_LocalEulerAnglesHint: {x: -0.5142358, y: -1.5145513, z: -39.25838}
--- !u!4 &4731753020870966
Transform:
  m_ObjectHideFlags: 1
  m_PrefabParentObject: {fileID: 0}
  m_PrefabInternal: {fileID: 100100000}
  m_GameObject: {fileID: 1996984006122300}
  m_LocalRotation: {x: 0.5405713, y: 0.4558319, z: 0.536796, w: -0.46027172}
  m_LocalPosition: {x: -0.6442376, y: 0.40726966, z: 1.08337}
  m_LocalScale: {x: 1, y: 1, z: 1}
  m_Children:
  - {fileID: 4514070000987104}
  - {fileID: 4789603688879986}
  - {fileID: 4879861477529732}
  m_Father: {fileID: 4947158400273318}
  m_RootOrder: 2
  m_LocalEulerAnglesHint: {x: -61.304504, y: 126.33825, z: 139.9453}
--- !u!4 &4733740321262920
Transform:
  m_ObjectHideFlags: 1
  m_PrefabParentObject: {fileID: 0}
  m_PrefabInternal: {fileID: 100100000}
  m_GameObject: {fileID: 1129469204117850}
  m_LocalRotation: {x: 0.90877116, y: -0.074179396, z: -0.029425329, w: -0.4095932}
  m_LocalPosition: {x: 0.0767, y: -0.14113, z: -0.15777299}
  m_LocalScale: {x: 1, y: 1, z: 1}
  m_Children:
  - {fileID: 4823796604079034}
  m_Father: {fileID: 4207648322159702}
  m_RootOrder: 1
  m_LocalEulerAnglesHint: {x: -45.9829, y: 173.32233, z: -96.17288}
--- !u!4 &4737411986413092
Transform:
  m_ObjectHideFlags: 1
  m_PrefabParentObject: {fileID: 0}
  m_PrefabInternal: {fileID: 100100000}
  m_GameObject: {fileID: 1339156648218168}
  m_LocalRotation: {x: 0.0016208213, y: 0.00019596353, z: -0.074230865, w: 0.99723977}
  m_LocalPosition: {x: 0.20301896, y: 0.0021909052, z: 0.000020503716}
  m_LocalScale: {x: 1, y: 1, z: 1}
  m_Children:
  - {fileID: 4795287172753030}
  m_Father: {fileID: 4823796604079034}
  m_RootOrder: 0
  m_LocalEulerAnglesHint: {x: -0.043163426, y: -1.1616702, z: -24.119337}
--- !u!4 &4789603688879986
Transform:
  m_ObjectHideFlags: 1
  m_PrefabParentObject: {fileID: 0}
  m_PrefabInternal: {fileID: 100100000}
  m_GameObject: {fileID: 1385517589787054}
  m_LocalRotation: {x: -0.999966, y: 0.00824207, z: -0.000000059604638, w: 0.000000014901159}
  m_LocalPosition: {x: 0, y: -2, z: 0}
  m_LocalScale: {x: 1, y: 1, z: 1}
  m_Children: []
  m_Father: {fileID: 4731753020870966}
  m_RootOrder: 1
  m_LocalEulerAnglesHint: {x: 0, y: 0, z: 0}
--- !u!4 &4795287172753030
Transform:
  m_ObjectHideFlags: 1
  m_PrefabParentObject: {fileID: 0}
  m_PrefabInternal: {fileID: 100100000}
  m_GameObject: {fileID: 1072242900067100}
  m_LocalRotation: {x: -0.0016249159, y: -0.0001586205, z: 0.097155735, w: 0.99526787}
  m_LocalPosition: {x: 0.15136726, y: 0.002499899, z: -0.0000148812505}
  m_LocalScale: {x: 1, y: 1, z: 1}
  m_Children: []
  m_Father: {fileID: 4737411986413092}
  m_RootOrder: 0
  m_LocalEulerAnglesHint: {x: -0.18355289, y: -0.03618053, z: 11.150891}
--- !u!4 &4823796604079034
Transform:
  m_ObjectHideFlags: 1
  m_PrefabParentObject: {fileID: 0}
  m_PrefabInternal: {fileID: 100100000}
  m_GameObject: {fileID: 1509050846583816}
  m_LocalRotation: {x: 0.000000014822516, y: -0.000000001528934, z: -0.10260502, w: 0.9947222}
  m_LocalPosition: {x: 0.2298606, y: -0.012440073, z: 0.0000012113882}
  m_LocalScale: {x: 1, y: 1, z: 1}
  m_Children:
  - {fileID: 4737411986413092}
  m_Father: {fileID: 4733740321262920}
  m_RootOrder: 0
  m_LocalEulerAnglesHint: {x: -0.4492698, y: -1.0500975, z: -27.381842}
--- !u!4 &4849962472950528
Transform:
  m_ObjectHideFlags: 1
  m_PrefabParentObject: {fileID: 0}
  m_PrefabInternal: {fileID: 100100000}
  m_GameObject: {fileID: 1768030491279328}
  m_LocalRotation: {x: 0.021017425, y: 0.056753334, z: -0.34664395, w: 0.93604237}
  m_LocalPosition: {x: 0.4008743, y: 0.023568649, z: -0.097827}
  m_LocalScale: {x: 1, y: 1, z: 1}
  m_Children:
  - {fileID: 4330127427422796}
  m_Father: {fileID: 4347500945162948}
  m_RootOrder: 1
  m_LocalEulerAnglesHint: {x: 4.5134377, y: 5.276443, z: -40.434055}
--- !u!4 &4859350765240168
Transform:
  m_ObjectHideFlags: 1
  m_PrefabParentObject: {fileID: 0}
  m_PrefabInternal: {fileID: 100100000}
  m_GameObject: {fileID: 1490316044339756}
  m_LocalRotation: {x: 0, y: -0, z: -0, w: 1}
  m_LocalPosition: {x: -0, y: 0, z: 0}
  m_LocalScale: {x: 1, y: 1, z: 1}
  m_Children: []
  m_Father: {fileID: 4601432336400742}
  m_RootOrder: 1
  m_LocalEulerAnglesHint: {x: 0, y: 0, z: 0}
--- !u!4 &4878981678378688
Transform:
  m_ObjectHideFlags: 1
  m_PrefabParentObject: {fileID: 0}
  m_PrefabInternal: {fileID: 100100000}
  m_GameObject: {fileID: 1604772261233722}
  m_LocalRotation: {x: -0.14898263, y: 0.9888398, z: -2.7292185e-16, w: 8.9949744e-17}
  m_LocalPosition: {x: -0.07851337, y: -0.16328901, z: 0.45994437}
  m_LocalScale: {x: 1, y: 1, z: 1}
  m_Children:
  - {fileID: 4078912612018984}
  m_Father: {fileID: 4460204083213300}
  m_RootOrder: 1
  m_LocalEulerAnglesHint: {x: -36.351585, y: 176.3907, z: -52.60539}
--- !u!4 &4879861477529732
Transform:
  m_ObjectHideFlags: 1
  m_PrefabParentObject: {fileID: 0}
  m_PrefabInternal: {fileID: 100100000}
  m_GameObject: {fileID: 1991692033475706}
  m_LocalRotation: {x: -0.99899334, y: 0.010477661, z: -0.043618675, w: -0.00024011728}
  m_LocalPosition: {x: 0.001, y: 0, z: -0.2}
  m_LocalScale: {x: 1, y: 1, z: 1}
  m_Children: []
  m_Father: {fileID: 4731753020870966}
  m_RootOrder: 2
  m_LocalEulerAnglesHint: {x: 0, y: 0, z: 0}
--- !u!4 &4896166642201928
Transform:
  m_ObjectHideFlags: 1
  m_PrefabParentObject: {fileID: 0}
  m_PrefabInternal: {fileID: 100100000}
  m_GameObject: {fileID: 1812547486825444}
  m_LocalRotation: {x: -0.110950224, y: 0.009812247, z: 0.07919692, w: 0.9906168}
  m_LocalPosition: {x: 0.07181, y: 0.20683, z: -0.052027997}
  m_LocalScale: {x: 1, y: 1, z: 1}
  m_Children:
  - {fileID: 4228416417282980}
  m_Father: {fileID: 4207648322159702}
  m_RootOrder: 0
  m_LocalEulerAnglesHint: {x: -16.48008, y: 1.6525009, z: 78.55251}
--- !u!4 &4906079984893042
Transform:
  m_ObjectHideFlags: 1
  m_PrefabParentObject: {fileID: 0}
  m_PrefabInternal: {fileID: 100100000}
  m_GameObject: {fileID: 1738433349789984}
  m_LocalRotation: {x: 0.0016208361, y: 0.00019596463, z: -0.074230865, w: 0.99723977}
  m_LocalPosition: {x: 0.20301555, y: 0.00074251875, z: 0.000013802866}
  m_LocalScale: {x: 1, y: 1, z: 1}
  m_Children:
  - {fileID: 4910422110584240}
  m_Father: {fileID: 4506047937634478}
  m_RootOrder: 0
  m_LocalEulerAnglesHint: {x: -0.03939708, y: -0.9432266, z: -24.1339}
--- !u!4 &4910422110584240
Transform:
  m_ObjectHideFlags: 1
  m_PrefabParentObject: {fileID: 0}
  m_PrefabInternal: {fileID: 100100000}
  m_GameObject: {fileID: 1004692183834886}
  m_LocalRotation: {x: -0.0016249159, y: -0.0001586205, z: 0.097155735, w: 0.99526787}
  m_LocalPosition: {x: 0.15137783, y: 0.002497682, z: -0.000005946441}
  m_LocalScale: {x: 1, y: 1, z: 1}
  m_Children: []
  m_Father: {fileID: 4906079984893042}
  m_RootOrder: 0
  m_LocalEulerAnglesHint: {x: -0.18355289, y: -0.03618053, z: 11.150891}
--- !u!4 &4945406316294980
Transform:
  m_ObjectHideFlags: 1
  m_PrefabParentObject: {fileID: 0}
  m_PrefabInternal: {fileID: 100100000}
  m_GameObject: {fileID: 1897879487060578}
  m_LocalRotation: {x: 0, y: -0, z: -0, w: 1}
  m_LocalPosition: {x: -0, y: 0, z: 0}
  m_LocalScale: {x: 1, y: 1, z: 1}
  m_Children: []
  m_Father: {fileID: 4601432336400742}
  m_RootOrder: 0
  m_LocalEulerAnglesHint: {x: 0, y: 0, z: 0}
--- !u!4 &4947158400273318
Transform:
  m_ObjectHideFlags: 1
  m_PrefabParentObject: {fileID: 0}
  m_PrefabInternal: {fileID: 100100000}
  m_GameObject: {fileID: 1280069166831036}
  m_LocalRotation: {x: 0, y: 0, z: 0.0805353, w: 0.9967518}
  m_LocalPosition: {x: -0.35007247, y: -0.00035608563, z: 2.5355203e-16}
  m_LocalScale: {x: 1, y: 1, z: 1}
  m_Children:
  - {fileID: 4704862778819298}
  - {fileID: 4567083741809956}
  - {fileID: 4731753020870966}
  - {fileID: 4133000509840648}
  - {fileID: 4245671782744862}
  m_Father: {fileID: 4493062401044672}
  m_RootOrder: 0
  m_LocalEulerAnglesHint: {x: -17.110298, y: 13.960504, z: 5.64028}
--- !u!4 &4951044743201456
Transform:
  m_ObjectHideFlags: 1
  m_PrefabParentObject: {fileID: 0}
  m_PrefabInternal: {fileID: 100100000}
  m_GameObject: {fileID: 1637475245144830}
  m_LocalRotation: {x: -0.0016249159, y: -0.0001586205, z: 0.097155735, w: 0.99526787}
  m_LocalPosition: {x: -0.15137644, y: -0.0024958097, z: 0.000008231636}
  m_LocalScale: {x: 1, y: 1, z: 1}
  m_Children: []
  m_Father: {fileID: 4561786513973518}
  m_RootOrder: 0
  m_LocalEulerAnglesHint: {x: -0.18355289, y: -0.03618053, z: 11.150891}
--- !u!4 &4974757216354224
Transform:
  m_ObjectHideFlags: 1
  m_PrefabParentObject: {fileID: 0}
  m_PrefabInternal: {fileID: 100100000}
  m_GameObject: {fileID: 1907630154534166}
  m_LocalRotation: {x: 0.00011944769, y: 0.04361924, z: 0.0022437868, w: 0.9990457}
  m_LocalPosition: {x: 0, y: 0, z: 0.2}
  m_LocalScale: {x: 1, y: 1, z: 1}
  m_Children: []
  m_Father: {fileID: 4704862778819298}
  m_RootOrder: 2
  m_LocalEulerAnglesHint: {x: 0, y: 0, z: 0}
--- !u!4 &4976673610293888
Transform:
  m_ObjectHideFlags: 1
  m_PrefabParentObject: {fileID: 0}
  m_PrefabInternal: {fileID: 100100000}
  m_GameObject: {fileID: 1029290807120126}
  m_LocalRotation: {x: -0, y: -0, z: -0, w: 1}
  m_LocalPosition: {x: 0, y: 0.1, z: 0}
  m_LocalScale: {x: 0.6, y: 0.5, z: 0.5}
  m_Children: []
  m_Father: {fileID: 4601432336400742}
  m_RootOrder: 4
  m_LocalEulerAnglesHint: {x: 0, y: 0, z: 0}
--- !u!4 &4998208761292108
Transform:
  m_ObjectHideFlags: 1
  m_PrefabParentObject: {fileID: 0}
  m_PrefabInternal: {fileID: 100100000}
  m_GameObject: {fileID: 1736315581812022}
  m_LocalRotation: {x: -2.8115501e-15, y: -6.4248256e-17, z: 0.008307897, w: 0.9999655}
  m_LocalPosition: {x: -0.16902289, y: 0.00042649615, z: 0.000000003299495}
  m_LocalScale: {x: 1, y: 1, z: 1}
  m_Children:
  - {fileID: 4130581514964772}
  m_Father: {fileID: 4445218043529928}
  m_RootOrder: 0
  m_LocalEulerAnglesHint: {x: 0.0000020991004, y: -0.0000018024571, z: 0.95202583}
--- !u!23 &23082788666626990
MeshRenderer:
  m_ObjectHideFlags: 1
  m_PrefabParentObject: {fileID: 0}
  m_PrefabInternal: {fileID: 100100000}
  m_GameObject: {fileID: 1029290807120126}
  m_Enabled: 1
  m_CastShadows: 1
  m_ReceiveShadows: 1
  m_DynamicOccludee: 1
  m_MotionVectors: 1
  m_LightProbeUsage: 1
  m_ReflectionProbeUsage: 1
  m_Materials:
  - {fileID: 2100000, guid: 3837998dba8bdf0418c41ed188029ae9, type: 2}
  m_StaticBatchInfo:
    firstSubMesh: 0
    subMeshCount: 0
  m_StaticBatchRoot: {fileID: 0}
  m_ProbeAnchor: {fileID: 0}
  m_LightProbeVolumeOverride: {fileID: 0}
  m_ScaleInLightmap: 1
  m_PreserveUVs: 1
  m_IgnoreNormalsForChartDetection: 0
  m_ImportantGI: 0
  m_StitchLightmapSeams: 0
  m_SelectedEditorRenderState: 3
  m_MinimumChartSize: 4
  m_AutoUVMaxDistance: 0.5
  m_AutoUVMaxAngle: 89
  m_LightmapParameters: {fileID: 0}
  m_SortingLayerID: 0
  m_SortingLayer: 0
  m_SortingOrder: 0
--- !u!23 &23152241281026434
MeshRenderer:
  m_ObjectHideFlags: 1
  m_PrefabParentObject: {fileID: 0}
  m_PrefabInternal: {fileID: 100100000}
  m_GameObject: {fileID: 1439410759307738}
  m_Enabled: 1
  m_CastShadows: 1
  m_ReceiveShadows: 1
  m_DynamicOccludee: 1
  m_MotionVectors: 1
  m_LightProbeUsage: 1
  m_ReflectionProbeUsage: 1
  m_Materials:
  - {fileID: 2100000, guid: b564e16a50a1bb745b350df5059bbbe3, type: 3}
  m_StaticBatchInfo:
    firstSubMesh: 0
    subMeshCount: 0
  m_StaticBatchRoot: {fileID: 0}
  m_ProbeAnchor: {fileID: 0}
  m_LightProbeVolumeOverride: {fileID: 0}
  m_ScaleInLightmap: 1
  m_PreserveUVs: 0
  m_IgnoreNormalsForChartDetection: 0
  m_ImportantGI: 0
  m_StitchLightmapSeams: 0
  m_SelectedEditorRenderState: 3
  m_MinimumChartSize: 4
  m_AutoUVMaxDistance: 0.5
  m_AutoUVMaxAngle: 89
  m_LightmapParameters: {fileID: 0}
  m_SortingLayerID: 0
  m_SortingLayer: 0
  m_SortingOrder: 0
--- !u!23 &23252319604996786
MeshRenderer:
  m_ObjectHideFlags: 1
  m_PrefabParentObject: {fileID: 0}
  m_PrefabInternal: {fileID: 100100000}
  m_GameObject: {fileID: 1430691654239440}
  m_Enabled: 1
  m_CastShadows: 1
  m_ReceiveShadows: 1
  m_DynamicOccludee: 1
  m_MotionVectors: 1
  m_LightProbeUsage: 1
  m_ReflectionProbeUsage: 1
  m_Materials:
  - {fileID: 2100000, guid: 165cbca390ed0794999b4b25caa98c97, type: 2}
  m_StaticBatchInfo:
    firstSubMesh: 0
    subMeshCount: 0
  m_StaticBatchRoot: {fileID: 0}
  m_ProbeAnchor: {fileID: 0}
  m_LightProbeVolumeOverride: {fileID: 0}
  m_ScaleInLightmap: 1
  m_PreserveUVs: 1
  m_IgnoreNormalsForChartDetection: 0
  m_ImportantGI: 0
  m_StitchLightmapSeams: 0
  m_SelectedEditorRenderState: 3
  m_MinimumChartSize: 4
  m_AutoUVMaxDistance: 0.5
  m_AutoUVMaxAngle: 89
  m_LightmapParameters: {fileID: 0}
  m_SortingLayerID: 0
  m_SortingLayer: 0
  m_SortingOrder: 0
--- !u!23 &23359442437823128
MeshRenderer:
  m_ObjectHideFlags: 1
  m_PrefabParentObject: {fileID: 0}
  m_PrefabInternal: {fileID: 100100000}
  m_GameObject: {fileID: 1863993537594592}
  m_Enabled: 1
  m_CastShadows: 1
  m_ReceiveShadows: 1
  m_DynamicOccludee: 1
  m_MotionVectors: 1
  m_LightProbeUsage: 1
  m_ReflectionProbeUsage: 1
  m_Materials:
  - {fileID: 2100000, guid: b564e16a50a1bb745b350df5059bbbe3, type: 3}
  m_StaticBatchInfo:
    firstSubMesh: 0
    subMeshCount: 0
  m_StaticBatchRoot: {fileID: 0}
  m_ProbeAnchor: {fileID: 0}
  m_LightProbeVolumeOverride: {fileID: 0}
  m_ScaleInLightmap: 1
  m_PreserveUVs: 0
  m_IgnoreNormalsForChartDetection: 0
  m_ImportantGI: 0
  m_StitchLightmapSeams: 0
  m_SelectedEditorRenderState: 3
  m_MinimumChartSize: 4
  m_AutoUVMaxDistance: 0.5
  m_AutoUVMaxAngle: 89
  m_LightmapParameters: {fileID: 0}
  m_SortingLayerID: 0
  m_SortingLayer: 0
  m_SortingOrder: 0
--- !u!23 &23445573664914976
MeshRenderer:
  m_ObjectHideFlags: 1
  m_PrefabParentObject: {fileID: 0}
  m_PrefabInternal: {fileID: 100100000}
  m_GameObject: {fileID: 1991692033475706}
  m_Enabled: 1
  m_CastShadows: 1
  m_ReceiveShadows: 1
  m_DynamicOccludee: 1
  m_MotionVectors: 1
  m_LightProbeUsage: 1
  m_ReflectionProbeUsage: 1
  m_Materials:
  - {fileID: 2100000, guid: b564e16a50a1bb745b350df5059bbbe3, type: 3}
  m_StaticBatchInfo:
    firstSubMesh: 0
    subMeshCount: 0
  m_StaticBatchRoot: {fileID: 0}
  m_ProbeAnchor: {fileID: 0}
  m_LightProbeVolumeOverride: {fileID: 0}
  m_ScaleInLightmap: 1
  m_PreserveUVs: 0
  m_IgnoreNormalsForChartDetection: 0
  m_ImportantGI: 0
  m_StitchLightmapSeams: 0
  m_SelectedEditorRenderState: 3
  m_MinimumChartSize: 4
  m_AutoUVMaxDistance: 0.5
  m_AutoUVMaxAngle: 89
  m_LightmapParameters: {fileID: 0}
  m_SortingLayerID: 0
  m_SortingLayer: 0
  m_SortingOrder: 0
--- !u!23 &23646667120250454
MeshRenderer:
  m_ObjectHideFlags: 1
  m_PrefabParentObject: {fileID: 0}
  m_PrefabInternal: {fileID: 100100000}
  m_GameObject: {fileID: 1532564723681892}
  m_Enabled: 1
  m_CastShadows: 1
  m_ReceiveShadows: 1
  m_DynamicOccludee: 1
  m_MotionVectors: 1
  m_LightProbeUsage: 1
  m_ReflectionProbeUsage: 1
  m_Materials:
  - {fileID: 2100000, guid: b564e16a50a1bb745b350df5059bbbe3, type: 3}
  m_StaticBatchInfo:
    firstSubMesh: 0
    subMeshCount: 0
  m_StaticBatchRoot: {fileID: 0}
  m_ProbeAnchor: {fileID: 0}
  m_LightProbeVolumeOverride: {fileID: 0}
  m_ScaleInLightmap: 1
  m_PreserveUVs: 0
  m_IgnoreNormalsForChartDetection: 0
  m_ImportantGI: 0
  m_StitchLightmapSeams: 0
  m_SelectedEditorRenderState: 3
  m_MinimumChartSize: 4
  m_AutoUVMaxDistance: 0.5
  m_AutoUVMaxAngle: 89
  m_LightmapParameters: {fileID: 0}
  m_SortingLayerID: 0
  m_SortingLayer: 0
  m_SortingOrder: 0
--- !u!23 &23693043745283122
MeshRenderer:
  m_ObjectHideFlags: 1
  m_PrefabParentObject: {fileID: 0}
  m_PrefabInternal: {fileID: 100100000}
  m_GameObject: {fileID: 1907630154534166}
  m_Enabled: 1
  m_CastShadows: 1
  m_ReceiveShadows: 1
  m_DynamicOccludee: 1
  m_MotionVectors: 1
  m_LightProbeUsage: 1
  m_ReflectionProbeUsage: 1
  m_Materials:
  - {fileID: 2100000, guid: b564e16a50a1bb745b350df5059bbbe3, type: 3}
  m_StaticBatchInfo:
    firstSubMesh: 0
    subMeshCount: 0
  m_StaticBatchRoot: {fileID: 0}
  m_ProbeAnchor: {fileID: 0}
  m_LightProbeVolumeOverride: {fileID: 0}
  m_ScaleInLightmap: 1
  m_PreserveUVs: 0
  m_IgnoreNormalsForChartDetection: 0
  m_ImportantGI: 0
  m_StitchLightmapSeams: 0
  m_SelectedEditorRenderState: 3
  m_MinimumChartSize: 4
  m_AutoUVMaxDistance: 0.5
  m_AutoUVMaxAngle: 89
  m_LightmapParameters: {fileID: 0}
  m_SortingLayerID: 0
  m_SortingLayer: 0
  m_SortingOrder: 0
--- !u!23 &23721562481520722
MeshRenderer:
  m_ObjectHideFlags: 1
  m_PrefabParentObject: {fileID: 0}
  m_PrefabInternal: {fileID: 100100000}
  m_GameObject: {fileID: 1048774795147374}
  m_Enabled: 1
  m_CastShadows: 1
  m_ReceiveShadows: 1
  m_DynamicOccludee: 1
  m_MotionVectors: 1
  m_LightProbeUsage: 1
  m_ReflectionProbeUsage: 1
  m_Materials:
  - {fileID: 2100000, guid: b564e16a50a1bb745b350df5059bbbe3, type: 3}
  m_StaticBatchInfo:
    firstSubMesh: 0
    subMeshCount: 0
  m_StaticBatchRoot: {fileID: 0}
  m_ProbeAnchor: {fileID: 0}
  m_LightProbeVolumeOverride: {fileID: 0}
  m_ScaleInLightmap: 1
  m_PreserveUVs: 0
  m_IgnoreNormalsForChartDetection: 0
  m_ImportantGI: 0
  m_StitchLightmapSeams: 0
  m_SelectedEditorRenderState: 3
  m_MinimumChartSize: 4
  m_AutoUVMaxDistance: 0.5
  m_AutoUVMaxAngle: 89
  m_LightmapParameters: {fileID: 0}
  m_SortingLayerID: 0
  m_SortingLayer: 0
  m_SortingOrder: 0
--- !u!33 &33052176889214142
MeshFilter:
  m_ObjectHideFlags: 1
  m_PrefabParentObject: {fileID: 0}
  m_PrefabInternal: {fileID: 100100000}
  m_GameObject: {fileID: 1439410759307738}
  m_Mesh: {fileID: 4300000, guid: b564e16a50a1bb745b350df5059bbbe3, type: 3}
--- !u!33 &33131819207496278
MeshFilter:
  m_ObjectHideFlags: 1
  m_PrefabParentObject: {fileID: 0}
  m_PrefabInternal: {fileID: 100100000}
  m_GameObject: {fileID: 1029290807120126}
  m_Mesh: {fileID: 10209, guid: 0000000000000000e000000000000000, type: 0}
--- !u!33 &33175500901118348
MeshFilter:
  m_ObjectHideFlags: 1
  m_PrefabParentObject: {fileID: 0}
  m_PrefabInternal: {fileID: 100100000}
  m_GameObject: {fileID: 1907630154534166}
  m_Mesh: {fileID: 4300006, guid: b564e16a50a1bb745b350df5059bbbe3, type: 3}
--- !u!33 &33302832767632390
MeshFilter:
  m_ObjectHideFlags: 1
  m_PrefabParentObject: {fileID: 0}
  m_PrefabInternal: {fileID: 100100000}
  m_GameObject: {fileID: 1863993537594592}
  m_Mesh: {fileID: 4300004, guid: b564e16a50a1bb745b350df5059bbbe3, type: 3}
--- !u!33 &33824472059470488
MeshFilter:
  m_ObjectHideFlags: 1
  m_PrefabParentObject: {fileID: 0}
  m_PrefabInternal: {fileID: 100100000}
  m_GameObject: {fileID: 1991692033475706}
  m_Mesh: {fileID: 4300008, guid: b564e16a50a1bb745b350df5059bbbe3, type: 3}
--- !u!33 &33940660724271322
MeshFilter:
  m_ObjectHideFlags: 1
  m_PrefabParentObject: {fileID: 0}
  m_PrefabInternal: {fileID: 100100000}
  m_GameObject: {fileID: 1048774795147374}
  m_Mesh: {fileID: 4300002, guid: b564e16a50a1bb745b350df5059bbbe3, type: 3}
--- !u!33 &33951652209981722
MeshFilter:
  m_ObjectHideFlags: 1
  m_PrefabParentObject: {fileID: 0}
  m_PrefabInternal: {fileID: 100100000}
  m_GameObject: {fileID: 1532564723681892}
  m_Mesh: {fileID: 4300000, guid: b564e16a50a1bb745b350df5059bbbe3, type: 3}
--- !u!33 &33992313844790472
MeshFilter:
  m_ObjectHideFlags: 1
  m_PrefabParentObject: {fileID: 0}
  m_PrefabInternal: {fileID: 100100000}
  m_GameObject: {fileID: 1430691654239440}
  m_Mesh: {fileID: 10209, guid: 0000000000000000e000000000000000, type: 0}
--- !u!64 &64235571377648162
MeshCollider:
  m_ObjectHideFlags: 1
  m_PrefabParentObject: {fileID: 0}
  m_PrefabInternal: {fileID: 100100000}
  m_GameObject: {fileID: 1430691654239440}
  m_Material: {fileID: 0}
  m_IsTrigger: 0
  m_Enabled: 1
  serializedVersion: 3
  m_Convex: 0
  m_CookingOptions: 14
  m_SkinWidth: 0.01
  m_Mesh: {fileID: 10209, guid: 0000000000000000e000000000000000, type: 0}
--- !u!64 &64711652265190152
MeshCollider:
  m_ObjectHideFlags: 1
  m_PrefabParentObject: {fileID: 0}
  m_PrefabInternal: {fileID: 100100000}
  m_GameObject: {fileID: 1029290807120126}
  m_Material: {fileID: 0}
  m_IsTrigger: 0
  m_Enabled: 1
  serializedVersion: 3
  m_Convex: 0
  m_CookingOptions: 14
  m_SkinWidth: 0.01
  m_Mesh: {fileID: 10209, guid: 0000000000000000e000000000000000, type: 0}
--- !u!95 &95985142386730370
Animator:
  serializedVersion: 3
  m_ObjectHideFlags: 1
  m_PrefabParentObject: {fileID: 0}
  m_PrefabInternal: {fileID: 100100000}
  m_GameObject: {fileID: 1768650775254454}
  m_Enabled: 1
  m_Avatar: {fileID: 9000000, guid: 08280d130bc04554f95ef2e3c03b0083, type: 3}
  m_Controller: {fileID: 9100000, guid: c0fdfb84b07e6f74da7e56dd81b0c85a, type: 2}
  m_CullingMode: 1
  m_UpdateMode: 0
  m_ApplyRootMotion: 0
  m_LinearVelocityBlending: 0
  m_WarningMessage: 
  m_HasTransformHierarchy: 1
  m_AllowConstantClipSamplingOptimization: 1
--- !u!114 &114304368414049830
MonoBehaviour:
  m_ObjectHideFlags: 1
  m_PrefabParentObject: {fileID: 0}
  m_PrefabInternal: {fileID: 100100000}
  m_GameObject: {fileID: 1768650775254454}
  m_Enabled: 1
  m_EditorHideFlags: 0
  m_Script: {fileID: 11500000, guid: 3ff721a4a4924e247b6a90a6168c8ba0, type: 3}
  m_Name: 
  m_EditorClassIdentifier: 
  prefabDead: {fileID: 1776134697393606, guid: 1d84e6e82b084464aa23aee47ff9fc56, type: 2}
  prefabHeavy: {fileID: 1331708736523708, guid: 3c3697e1e29a388409e73b7f1c810c43,
    type: 2}
  initHealth: 10000
  isDead: 0
  isHurt: 0
--- !u!114 &114609187980619688
MonoBehaviour:
  m_ObjectHideFlags: 1
  m_PrefabParentObject: {fileID: 0}
  m_PrefabInternal: {fileID: 100100000}
  m_GameObject: {fileID: 1768650775254454}
  m_Enabled: 1
  m_EditorHideFlags: 0
  m_Script: {fileID: 11500000, guid: 9d04f49f4ff47d145a25a604a0b762e7, type: 3}
  m_Name: 
  m_EditorClassIdentifier: 
  actualMode: 0
  timeToShoot: 5
  shotSpawnpoint: {fileID: 4207648322159702}
  bulletPrefab: {fileID: 1105344843180922, guid: 7da70af1b35e71843922d1292ca77049,
    type: 2}
  dronePrefab: {fileID: 1826708074924380, guid: 82c8164499d3f0946a9961a070f6ee0e,
    type: 2}
  droneSpawnpoints:
  - {fileID: 4519061140439412}
  - {fileID: 4789603688879986}
  canShoot: 0
  canDrone: 0
--- !u!114 &114777534651598984
MonoBehaviour:
  m_ObjectHideFlags: 1
  m_PrefabParentObject: {fileID: 0}
  m_PrefabInternal: {fileID: 100100000}
  m_GameObject: {fileID: 1768650775254454}
  m_Enabled: 1
  m_EditorHideFlags: 0
  m_Script: {fileID: 11500000, guid: 69c0ddd2b975c7c4dada05db59949273, type: 3}
  m_Name: 
  m_EditorClassIdentifier: 
  animGuardian: {fileID: 0}
  canLookAt: 1
  isRotating: 0
--- !u!136 &136008524342597824
CapsuleCollider:
  m_ObjectHideFlags: 1
  m_PrefabParentObject: {fileID: 0}
  m_PrefabInternal: {fileID: 100100000}
  m_GameObject: {fileID: 1604772261233722}
  m_Material: {fileID: 0}
  m_IsTrigger: 0
  m_Enabled: 1
  m_Radius: 0.375
  m_Height: 1.5
  m_Direction: 0
  m_Center: {x: -0.39, y: 0, z: 0}
--- !u!136 &136107193245007816
CapsuleCollider:
  m_ObjectHideFlags: 1
  m_PrefabParentObject: {fileID: 0}
  m_PrefabInternal: {fileID: 100100000}
  m_GameObject: {fileID: 1917181183401830}
  m_Material: {fileID: 0}
  m_IsTrigger: 0
  m_Enabled: 1
  m_Radius: 0.25
  m_Height: 1
  m_Direction: 2
  m_Center: {x: 0.25, y: 0, z: 0}
--- !u!136 &136164545045941116
CapsuleCollider:
  m_ObjectHideFlags: 1
  m_PrefabParentObject: {fileID: 0}
  m_PrefabInternal: {fileID: 100100000}
  m_GameObject: {fileID: 1030491878940010}
  m_Material: {fileID: 0}
  m_IsTrigger: 0
  m_Enabled: 1
  m_Radius: 0.3
  m_Height: 1
  m_Direction: 0
  m_Center: {x: 0.2, y: 0, z: 0}
--- !u!136 &136302896829388688
CapsuleCollider:
  m_ObjectHideFlags: 1
  m_PrefabParentObject: {fileID: 0}
  m_PrefabInternal: {fileID: 100100000}
  m_GameObject: {fileID: 1862341785733500}
  m_Material: {fileID: 0}
  m_IsTrigger: 0
  m_Enabled: 1
  m_Radius: 0.25
  m_Height: 1
  m_Direction: 0
  m_Center: {x: -0.35, y: 0, z: 0}
--- !u!136 &136443727326039544
CapsuleCollider:
  m_ObjectHideFlags: 1
  m_PrefabParentObject: {fileID: 0}
  m_PrefabInternal: {fileID: 100100000}
  m_GameObject: {fileID: 1835052092616438}
  m_Material: {fileID: 0}
  m_IsTrigger: 0
  m_Enabled: 1
  m_Radius: 0.3
  m_Height: 1
  m_Direction: 0
  m_Center: {x: 0.35, y: 0, z: 0}
--- !u!136 &136509207142042060
CapsuleCollider:
  m_ObjectHideFlags: 1
  m_PrefabParentObject: {fileID: 0}
  m_PrefabInternal: {fileID: 100100000}
  m_GameObject: {fileID: 1069332340012474}
  m_Material: {fileID: 0}
  m_IsTrigger: 0
  m_Enabled: 1
  m_Radius: 0.3
  m_Height: 1
  m_Direction: 0
  m_Center: {x: -0.35, y: 0, z: 0}
--- !u!136 &136510671522015866
CapsuleCollider:
  m_ObjectHideFlags: 1
  m_PrefabParentObject: {fileID: 0}
  m_PrefabInternal: {fileID: 100100000}
  m_GameObject: {fileID: 1629026485301906}
  m_Material: {fileID: 0}
  m_IsTrigger: 0
  m_Enabled: 1
  m_Radius: 0.3
  m_Height: 0.65
  m_Direction: 1
  m_Center: {x: -0.11, y: 0, z: 0}
--- !u!136 &136561460662274754
CapsuleCollider:
  m_ObjectHideFlags: 1
  m_PrefabParentObject: {fileID: 0}
  m_PrefabInternal: {fileID: 100100000}
  m_GameObject: {fileID: 1301300560021864}
  m_Material: {fileID: 0}
  m_IsTrigger: 0
  m_Enabled: 1
  m_Radius: 0.25
  m_Height: 1
  m_Direction: 0
  m_Center: {x: 0.35, y: 0, z: 0}
--- !u!136 &136644912593082256
CapsuleCollider:
  m_ObjectHideFlags: 1
  m_PrefabParentObject: {fileID: 0}
  m_PrefabInternal: {fileID: 100100000}
  m_GameObject: {fileID: 1583947339565584}
  m_Material: {fileID: 0}
  m_IsTrigger: 0
  m_Enabled: 1
  m_Radius: 0.3
  m_Height: 1
  m_Direction: 0
  m_Center: {x: -0.2, y: 0, z: 0}
--- !u!136 &136659191123130434
CapsuleCollider:
  m_ObjectHideFlags: 1
  m_PrefabParentObject: {fileID: 0}
  m_PrefabInternal: {fileID: 100100000}
  m_GameObject: {fileID: 1202425432880122}
  m_Material: {fileID: 0}
  m_IsTrigger: 0
  m_Enabled: 1
  m_Radius: 0.45
  m_Height: 2
  m_Direction: 0
  m_Center: {x: -0.5, y: 0, z: 0}
--- !u!136 &136665408924626358
CapsuleCollider:
  m_ObjectHideFlags: 1
  m_PrefabParentObject: {fileID: 0}
  m_PrefabInternal: {fileID: 100100000}
  m_GameObject: {fileID: 1280069166831036}
  m_Material: {fileID: 0}
  m_IsTrigger: 0
  m_Enabled: 1
  m_Radius: 1
  m_Height: 1
  m_Direction: 1
  m_Center: {x: -0.25, y: 0, z: 0}
--- !u!136 &136882613291719990
CapsuleCollider:
  m_ObjectHideFlags: 1
  m_PrefabParentObject: {fileID: 0}
  m_PrefabInternal: {fileID: 100100000}
  m_GameObject: {fileID: 1630843046836506}
  m_Material: {fileID: 0}
  m_IsTrigger: 0
  m_Enabled: 1
  m_Radius: 0.35
  m_Height: 1.5
  m_Direction: 0
  m_Center: {x: -0.5, y: 0, z: 0}
--- !u!136 &136903242728226600
CapsuleCollider:
  m_ObjectHideFlags: 1
  m_PrefabParentObject: {fileID: 0}
  m_PrefabInternal: {fileID: 100100000}
  m_GameObject: {fileID: 1996984006122300}
  m_Material: {fileID: 0}
  m_IsTrigger: 0
  m_Enabled: 1
  m_Radius: 0.35
  m_Height: 1.5
  m_Direction: 0
  m_Center: {x: 0.5, y: 0, z: 0}
--- !u!136 &136911060126228036
CapsuleCollider:
  m_ObjectHideFlags: 1
  m_PrefabParentObject: {fileID: 0}
  m_PrefabInternal: {fileID: 100100000}
  m_GameObject: {fileID: 1622036907971334}
  m_Material: {fileID: 0}
  m_IsTrigger: 0
  m_Enabled: 1
  m_Radius: 0.375
  m_Height: 1.5
  m_Direction: 0
  m_Center: {x: 0.4, y: 0, z: 0}
--- !u!136 &136912923915562274
CapsuleCollider:
  m_ObjectHideFlags: 1
  m_PrefabParentObject: {fileID: 0}
  m_PrefabInternal: {fileID: 100100000}
  m_GameObject: {fileID: 1811212874858520}
  m_Material: {fileID: 0}
  m_IsTrigger: 0
  m_Enabled: 1
  m_Radius: 0.45
  m_Height: 2
  m_Direction: 0
  m_Center: {x: 0.5, y: 0, z: 0}
--- !u!137 &137110564304505240
SkinnedMeshRenderer:
  m_ObjectHideFlags: 1
  m_PrefabParentObject: {fileID: 0}
  m_PrefabInternal: {fileID: 100100000}
  m_GameObject: {fileID: 1490316044339756}
  m_Enabled: 1
  m_CastShadows: 0
  m_ReceiveShadows: 0
  m_DynamicOccludee: 0
  m_MotionVectors: 1
  m_LightProbeUsage: 1
  m_ReflectionProbeUsage: 1
  m_Materials:
  - {fileID: 2100000, guid: f6014acee5a5f3a41bb5337a0af77d6b, type: 2}
  m_StaticBatchInfo:
    firstSubMesh: 0
    subMeshCount: 0
  m_StaticBatchRoot: {fileID: 0}
  m_ProbeAnchor: {fileID: 0}
  m_LightProbeVolumeOverride: {fileID: 0}
  m_ScaleInLightmap: 1
  m_PreserveUVs: 0
  m_IgnoreNormalsForChartDetection: 0
  m_ImportantGI: 0
  m_StitchLightmapSeams: 0
  m_SelectedEditorRenderState: 3
  m_MinimumChartSize: 4
  m_AutoUVMaxDistance: 0.5
  m_AutoUVMaxAngle: 89
  m_LightmapParameters: {fileID: 0}
  m_SortingLayerID: 0
  m_SortingLayer: 0
  m_SortingOrder: 0
  serializedVersion: 2
  m_Quality: 0
  m_UpdateWhenOffscreen: 1
  m_SkinnedMotionVectors: 1
  m_Mesh: {fileID: 4300000, guid: 08280d130bc04554f95ef2e3c03b0083, type: 3}
  m_Bones:
  - {fileID: 4567083741809956}
  - {fileID: 4662528942929274}
  - {fileID: 4632248219329322}
  m_BlendShapeWeights: []
  m_RootBone: {fileID: 4567083741809956}
  m_AABB:
    m_Center: {x: -0.40788558, y: 0.12072143, z: 0}
    m_Extent: {x: 10.340763, y: 10.338126, z: 10.203898}
  m_DirtyAABB: 0
--- !u!137 &137131303205778120
SkinnedMeshRenderer:
  m_ObjectHideFlags: 1
  m_PrefabParentObject: {fileID: 0}
  m_PrefabInternal: {fileID: 100100000}
  m_GameObject: {fileID: 1897879487060578}
  m_Enabled: 1
  m_CastShadows: 1
  m_ReceiveShadows: 0
  m_DynamicOccludee: 0
  m_MotionVectors: 1
  m_LightProbeUsage: 1
  m_ReflectionProbeUsage: 1
  m_Materials:
  - {fileID: 2100000, guid: f6014acee5a5f3a41bb5337a0af77d6b, type: 2}
  m_StaticBatchInfo:
    firstSubMesh: 0
    subMeshCount: 0
  m_StaticBatchRoot: {fileID: 0}
  m_ProbeAnchor: {fileID: 0}
  m_LightProbeVolumeOverride: {fileID: 0}
  m_ScaleInLightmap: 1
  m_PreserveUVs: 0
  m_IgnoreNormalsForChartDetection: 0
  m_ImportantGI: 0
  m_StitchLightmapSeams: 0
  m_SelectedEditorRenderState: 3
  m_MinimumChartSize: 4
  m_AutoUVMaxDistance: 0.5
  m_AutoUVMaxAngle: 89
  m_LightmapParameters: {fileID: 0}
  m_SortingLayerID: 0
  m_SortingLayer: 0
  m_SortingOrder: 0
  serializedVersion: 2
  m_Quality: 0
  m_UpdateWhenOffscreen: 1
  m_SkinnedMotionVectors: 1
  m_Mesh: {fileID: 4300002, guid: 08280d130bc04554f95ef2e3c03b0083, type: 3}
  m_Bones:
  - {fileID: 4460204083213300}
  - {fileID: 4493062401044672}
  - {fileID: 4947158400273318}
  - {fileID: 4567083741809956}
  - {fileID: 4662528942929274}
  - {fileID: 4704862778819298}
  - {fileID: 4520509521584360}
  - {fileID: 4566931701096878}
  - {fileID: 4371267230673282}
  - {fileID: 4377059233455974}
  - {fileID: 4595350847650190}
  - {fileID: 4052427035789858}
  - {fileID: 4454431276883042}
  - {fileID: 4036244170230260}
  - {fileID: 4007275876864776}
  - {fileID: 4012197914783772}
  - {fileID: 4354420010751328}
  - {fileID: 4709470034866674}
  - {fileID: 4561786513973518}
  - {fileID: 4951044743201456}
  - {fileID: 4731753020870966}
  - {fileID: 4514070000987104}
  - {fileID: 4207648322159702}
  - {fileID: 4896166642201928}
  - {fileID: 4228416417282980}
  - {fileID: 4302298185610554}
  - {fileID: 4312560993984566}
  - {fileID: 4733740321262920}
  - {fileID: 4823796604079034}
  - {fileID: 4737411986413092}
  - {fileID: 4795287172753030}
  - {fileID: 4047945143048102}
  - {fileID: 4506047937634478}
  - {fileID: 4906079984893042}
  - {fileID: 4910422110584240}
  - {fileID: 4878981678378688}
  - {fileID: 4078912612018984}
  - {fileID: 4544234088234564}
  - {fileID: 4669507930124046}
  - {fileID: 4445218043529928}
  - {fileID: 4998208761292108}
  - {fileID: 4130581514964772}
  - {fileID: 4521919148054998}
  - {fileID: 4073929224123406}
  - {fileID: 4574355527662804}
  - {fileID: 4373727200392788}
  - {fileID: 4652146541974408}
  - {fileID: 4336153168899120}
  - {fileID: 4354046782801018}
  - {fileID: 4579803036992130}
  - {fileID: 4682107211277568}
  - {fileID: 4347500945162948}
  - {fileID: 4042529184968660}
  - {fileID: 4416692719525124}
  - {fileID: 4010701657774526}
  - {fileID: 4849962472950528}
  - {fileID: 4330127427422796}
  - {fileID: 4456287984080484}
  - {fileID: 4003992838557754}
  - {fileID: 4669560385967288}
  - {fileID: 4064169993350712}
  m_BlendShapeWeights: []
  m_RootBone: {fileID: 4460204083213300}
  m_AABB:
    m_Center: {x: 0.3147999, y: -0.059441864, z: 0.0001578331}
    m_Extent: {x: 20.901628, y: 10.090535, z: 40.358727}
  m_DirtyAABB: 0
