%YAML 1.1
%TAG !u! tag:unity3d.com,2011:
--- !u!29 &1
OcclusionCullingSettings:
  m_ObjectHideFlags: 0
  serializedVersion: 2
  m_OcclusionBakeSettings:
    smallestOccluder: 5
    smallestHole: 0.25
    backfaceThreshold: 100
  m_SceneGUID: 00000000000000000000000000000000
  m_OcclusionCullingData: {fileID: 0}
--- !u!104 &2
RenderSettings:
  m_ObjectHideFlags: 0
  serializedVersion: 8
  m_Fog: 0
  m_FogColor: {r: 0.5, g: 0.5, b: 0.5, a: 1}
  m_FogMode: 3
  m_FogDensity: 0.01
  m_LinearFogStart: 0
  m_LinearFogEnd: 300
  m_AmbientSkyColor: {r: 0.212, g: 0.227, b: 0.259, a: 1}
  m_AmbientEquatorColor: {r: 0.114, g: 0.125, b: 0.133, a: 1}
  m_AmbientGroundColor: {r: 0.047, g: 0.043, b: 0.035, a: 1}
  m_AmbientIntensity: 1
  m_AmbientMode: 0
  m_SubtractiveShadowColor: {r: 0.42, g: 0.478, b: 0.627, a: 1}
  m_SkyboxMaterial: {fileID: 10304, guid: 0000000000000000f000000000000000, type: 0}
  m_HaloStrength: 0.5
  m_FlareStrength: 1
  m_FlareFadeSpeed: 3
  m_HaloTexture: {fileID: 0}
  m_SpotCookie: {fileID: 10001, guid: 0000000000000000e000000000000000, type: 0}
  m_DefaultReflectionMode: 0
  m_DefaultReflectionResolution: 128
  m_ReflectionBounces: 1
  m_ReflectionIntensity: 1
  m_CustomReflection: {fileID: 0}
  m_Sun: {fileID: 0}
  m_IndirectSpecularColor: {r: 0, g: 0, b: 0, a: 1}
--- !u!157 &3
LightmapSettings:
  m_ObjectHideFlags: 0
  serializedVersion: 11
  m_GIWorkflowMode: 0
  m_GISettings:
    serializedVersion: 2
    m_BounceScale: 1
    m_IndirectOutputScale: 1
    m_AlbedoBoost: 1
    m_TemporalCoherenceThreshold: 1
    m_EnvironmentLightingMode: 0
    m_EnableBakedLightmaps: 1
    m_EnableRealtimeLightmaps: 1
  m_LightmapEditorSettings:
    serializedVersion: 9
    m_Resolution: 2
    m_BakeResolution: 40
    m_TextureWidth: 1024
    m_TextureHeight: 1024
    m_AO: 0
    m_AOMaxDistance: 1
    m_CompAOExponent: 1
    m_CompAOExponentDirect: 0
    m_Padding: 2
    m_LightmapParameters: {fileID: 0}
    m_LightmapsBakeMode: 1
    m_TextureCompression: 1
    m_FinalGather: 0
    m_FinalGatherFiltering: 1
    m_FinalGatherRayCount: 256
    m_ReflectionCompression: 2
    m_MixedBakeMode: 1
    m_BakeBackend: 0
    m_PVRSampling: 1
    m_PVRDirectSampleCount: 32
    m_PVRSampleCount: 500
    m_PVRBounces: 2
    m_PVRFilterTypeDirect: 0
    m_PVRFilterTypeIndirect: 0
    m_PVRFilterTypeAO: 0
    m_PVRFilteringMode: 1
    m_PVRCulling: 1
    m_PVRFilteringGaussRadiusDirect: 1
    m_PVRFilteringGaussRadiusIndirect: 5
    m_PVRFilteringGaussRadiusAO: 2
    m_PVRFilteringAtrousPositionSigmaDirect: 0.5
    m_PVRFilteringAtrousPositionSigmaIndirect: 2
    m_PVRFilteringAtrousPositionSigmaAO: 1
    m_ShowResolutionOverlay: 1
  m_LightingDataAsset: {fileID: 0}
  m_UseShadowmask: 1
--- !u!196 &4
NavMeshSettings:
  serializedVersion: 2
  m_ObjectHideFlags: 0
  m_BuildSettings:
    serializedVersion: 2
    agentTypeID: 0
    agentRadius: 0.5
    agentHeight: 2
    agentSlope: 45
    agentClimb: 0.4
    ledgeDropHeight: 0
    maxJumpAcrossDistance: 0
    minRegionArea: 2
    manualCellSize: 0
    cellSize: 0.16666667
    manualTileSize: 0
    tileSize: 256
    accuratePlacement: 0
    debug:
      m_Flags: 0
  m_NavMeshData: {fileID: 0}
--- !u!1 &36443877
GameObject:
  m_ObjectHideFlags: 0
  m_PrefabParentObject: {fileID: 1079580068766918, guid: 7d0bcfe5ecdb4e04a8dfabfc0bd1c32d,
    type: 2}
  m_PrefabInternal: {fileID: 1530233632}
  serializedVersion: 5
  m_Component:
  - component: {fileID: 36443878}
  - component: {fileID: 36443880}
  - component: {fileID: 36443879}
  m_Layer: 5
  m_Name: Touch27
  m_TagString: Untagged
  m_Icon: {fileID: 0}
  m_NavMeshLayer: 0
  m_StaticEditorFlags: 0
  m_IsActive: 0
--- !u!224 &36443878
RectTransform:
  m_ObjectHideFlags: 0
  m_PrefabParentObject: {fileID: 224294956500910024, guid: 7d0bcfe5ecdb4e04a8dfabfc0bd1c32d,
    type: 2}
  m_PrefabInternal: {fileID: 1530233632}
  m_GameObject: {fileID: 36443877}
  m_LocalRotation: {x: -0, y: -0, z: -0, w: 1}
  m_LocalPosition: {x: 0, y: 0, z: 0}
  m_LocalScale: {x: 0, y: 0, z: 0}
  m_Children: []
  m_Father: {fileID: 532678950}
  m_RootOrder: 26
  m_LocalEulerAnglesHint: {x: 0, y: 0, z: 0}
  m_AnchorMin: {x: 0.5, y: 0.5}
  m_AnchorMax: {x: 0.5, y: 0.5}
  m_AnchoredPosition: {x: 0, y: 0}
  m_SizeDelta: {x: 20, y: 20}
  m_Pivot: {x: 0.5, y: 0.5}
--- !u!114 &36443879
MonoBehaviour:
  m_ObjectHideFlags: 0
  m_PrefabParentObject: {fileID: 114300954402975154, guid: 7d0bcfe5ecdb4e04a8dfabfc0bd1c32d,
    type: 2}
  m_PrefabInternal: {fileID: 1530233632}
  m_GameObject: {fileID: 36443877}
  m_Enabled: 1
  m_EditorHideFlags: 0
  m_Script: {fileID: -765806418, guid: f5f67c52d1564df4a8936ccd202a3bd8, type: 3}
  m_Name: 
  m_EditorClassIdentifier: 
  m_Material: {fileID: 0}
  m_Color: {r: 1, g: 1, b: 1, a: 1}
  m_RaycastTarget: 0
  m_OnCullStateChanged:
    m_PersistentCalls:
      m_Calls: []
    m_TypeName: UnityEngine.UI.MaskableGraphic+CullStateChangedEvent, UnityEngine.UI,
      Version=1.0.0.0, Culture=neutral, PublicKeyToken=null
  m_Sprite: {fileID: 10913, guid: 0000000000000000f000000000000000, type: 0}
  m_Type: 0
  m_PreserveAspect: 0
  m_FillCenter: 1
  m_FillMethod: 4
  m_FillAmount: 1
  m_FillClockwise: 1
  m_FillOrigin: 0
--- !u!222 &36443880
CanvasRenderer:
  m_ObjectHideFlags: 0
  m_PrefabParentObject: {fileID: 222175088383803316, guid: 7d0bcfe5ecdb4e04a8dfabfc0bd1c32d,
    type: 2}
  m_PrefabInternal: {fileID: 1530233632}
  m_GameObject: {fileID: 36443877}
--- !u!1 &174707979
GameObject:
  m_ObjectHideFlags: 0
  m_PrefabParentObject: {fileID: 0}
  m_PrefabInternal: {fileID: 0}
  serializedVersion: 5
  m_Component:
  - component: {fileID: 174707981}
  - component: {fileID: 174707980}
  - component: {fileID: 174707982}
  - component: {fileID: 174707983}
  m_Layer: 0
  m_Name: Earth-DragAndDrop
  m_TagString: Untagged
  m_Icon: {fileID: 0}
  m_NavMeshLayer: 0
  m_StaticEditorFlags: 0
  m_IsActive: 1
--- !u!212 &174707980
SpriteRenderer:
  m_ObjectHideFlags: 0
  m_PrefabParentObject: {fileID: 0}
  m_PrefabInternal: {fileID: 0}
  m_GameObject: {fileID: 174707979}
  m_Enabled: 1
  m_CastShadows: 0
  m_ReceiveShadows: 0
  m_DynamicOccludee: 1
  m_MotionVectors: 1
  m_LightProbeUsage: 0
  m_ReflectionProbeUsage: 0
  m_Materials:
  - {fileID: 10754, guid: 0000000000000000f000000000000000, type: 0}
  m_StaticBatchInfo:
    firstSubMesh: 0
    subMeshCount: 0
  m_StaticBatchRoot: {fileID: 0}
  m_ProbeAnchor: {fileID: 0}
  m_LightProbeVolumeOverride: {fileID: 0}
  m_ScaleInLightmap: 1
  m_PreserveUVs: 0
  m_IgnoreNormalsForChartDetection: 0
  m_ImportantGI: 0
  m_StitchLightmapSeams: 0
  m_SelectedEditorRenderState: 0
  m_MinimumChartSize: 4
  m_AutoUVMaxDistance: 0.5
  m_AutoUVMaxAngle: 89
  m_LightmapParameters: {fileID: 0}
  m_SortingLayerID: 0
  m_SortingLayer: 0
  m_SortingOrder: 0
  m_Sprite: {fileID: 21300000, guid: 13cc72bb3af5c4082913ab543d7f7837, type: 3}
  m_Color: {r: 1, g: 1, b: 1, a: 1}
  m_FlipX: 0
  m_FlipY: 0
  m_DrawMode: 0
  m_Size: {x: 1, y: 1}
  m_AdaptiveModeThreshold: 0.5
  m_SpriteTileMode: 0
  m_WasSpriteAssigned: 1
  m_MaskInteraction: 0
--- !u!4 &174707981
Transform:
  m_ObjectHideFlags: 0
  m_PrefabParentObject: {fileID: 0}
  m_PrefabInternal: {fileID: 0}
  m_GameObject: {fileID: 174707979}
  m_LocalRotation: {x: 0, y: 0, z: 0, w: 1}
  m_LocalPosition: {x: 0, y: 0, z: 0}
  m_LocalScale: {x: 0.3, y: 0.3, z: 1}
  m_Children: []
  m_Father: {fileID: 0}
  m_RootOrder: 2
  m_LocalEulerAnglesHint: {x: 0, y: 0, z: 0}
--- !u!114 &174707982
MonoBehaviour:
  m_ObjectHideFlags: 0
  m_PrefabParentObject: {fileID: 0}
  m_PrefabInternal: {fileID: 0}
  m_GameObject: {fileID: 174707979}
  m_Enabled: 1
  m_EditorHideFlags: 0
  m_Script: {fileID: 11500000, guid: 21f7e56227dfff0408c72c1336d753de, type: 3}
  m_Name: 
  m_EditorClassIdentifier: 
  Camera: {fileID: 0}
  BringToFront: 1
--- !u!58 &174707983
CircleCollider2D:
  m_ObjectHideFlags: 0
  m_PrefabParentObject: {fileID: 0}
  m_PrefabInternal: {fileID: 0}
  m_GameObject: {fileID: 174707979}
  m_Enabled: 1
  m_Density: 1
  m_Material: {fileID: 0}
  m_IsTrigger: 0
  m_UsedByEffector: 0
  m_UsedByComposite: 0
  m_Offset: {x: 0, y: 0}
  serializedVersion: 2
  m_Radius: 102.399994
--- !u!1 &183076089
GameObject:
  m_ObjectHideFlags: 0
  m_PrefabParentObject: {fileID: 1000011448974762, guid: 7d0bcfe5ecdb4e04a8dfabfc0bd1c32d,
    type: 2}
  m_PrefabInternal: {fileID: 1530233632}
  serializedVersion: 5
  m_Component:
  - component: {fileID: 183076090}
  - component: {fileID: 183076092}
  - component: {fileID: 183076091}
  m_Layer: 5
  m_Name: Touch4
  m_TagString: Untagged
  m_Icon: {fileID: 0}
  m_NavMeshLayer: 0
  m_StaticEditorFlags: 0
  m_IsActive: 0
--- !u!224 &183076090
RectTransform:
  m_ObjectHideFlags: 0
  m_PrefabParentObject: {fileID: 224000012131069586, guid: 7d0bcfe5ecdb4e04a8dfabfc0bd1c32d,
    type: 2}
  m_PrefabInternal: {fileID: 1530233632}
  m_GameObject: {fileID: 183076089}
  m_LocalRotation: {x: 0, y: 0, z: 0, w: 1}
  m_LocalPosition: {x: 0, y: 0, z: 0}
  m_LocalScale: {x: 1, y: 1, z: 1}
  m_Children: []
  m_Father: {fileID: 532678950}
  m_RootOrder: 3
  m_LocalEulerAnglesHint: {x: 0, y: 0, z: 0}
  m_AnchorMin: {x: 0.5, y: 0.5}
  m_AnchorMax: {x: 0.5, y: 0.5}
  m_AnchoredPosition: {x: 0, y: -0.000030517578}
  m_SizeDelta: {x: 20, y: 20}
  m_Pivot: {x: 0.5, y: 0.5}
--- !u!114 &183076091
MonoBehaviour:
  m_ObjectHideFlags: 0
  m_PrefabParentObject: {fileID: 114000013193488326, guid: 7d0bcfe5ecdb4e04a8dfabfc0bd1c32d,
    type: 2}
  m_PrefabInternal: {fileID: 1530233632}
  m_GameObject: {fileID: 183076089}
  m_Enabled: 1
  m_EditorHideFlags: 0
  m_Script: {fileID: -765806418, guid: f5f67c52d1564df4a8936ccd202a3bd8, type: 3}
  m_Name: 
  m_EditorClassIdentifier: 
  m_Material: {fileID: 0}
  m_Color: {r: 1, g: 1, b: 1, a: 1}
  m_RaycastTarget: 0
  m_OnCullStateChanged:
    m_PersistentCalls:
      m_Calls: []
    m_TypeName: UnityEngine.UI.MaskableGraphic+CullStateChangedEvent, UnityEngine.UI,
      Version=1.0.0.0, Culture=neutral, PublicKeyToken=null
  m_Sprite: {fileID: 10913, guid: 0000000000000000f000000000000000, type: 0}
  m_Type: 0
  m_PreserveAspect: 0
  m_FillCenter: 1
  m_FillMethod: 4
  m_FillAmount: 1
  m_FillClockwise: 1
  m_FillOrigin: 0
--- !u!222 &183076092
CanvasRenderer:
  m_ObjectHideFlags: 0
  m_PrefabParentObject: {fileID: 222000011324840998, guid: 7d0bcfe5ecdb4e04a8dfabfc0bd1c32d,
    type: 2}
  m_PrefabInternal: {fileID: 1530233632}
  m_GameObject: {fileID: 183076089}
--- !u!1 &404477827
GameObject:
  m_ObjectHideFlags: 0
  m_PrefabParentObject: {fileID: 1000011017172634, guid: 7d0bcfe5ecdb4e04a8dfabfc0bd1c32d,
    type: 2}
  m_PrefabInternal: {fileID: 1530233632}
  serializedVersion: 5
  m_Component:
  - component: {fileID: 404477828}
  - component: {fileID: 404477830}
  - component: {fileID: 404477829}
  m_Layer: 5
  m_Name: Touch7
  m_TagString: Untagged
  m_Icon: {fileID: 0}
  m_NavMeshLayer: 0
  m_StaticEditorFlags: 0
  m_IsActive: 0
--- !u!224 &404477828
RectTransform:
  m_ObjectHideFlags: 0
  m_PrefabParentObject: {fileID: 224000013004518824, guid: 7d0bcfe5ecdb4e04a8dfabfc0bd1c32d,
    type: 2}
  m_PrefabInternal: {fileID: 1530233632}
  m_GameObject: {fileID: 404477827}
  m_LocalRotation: {x: 0, y: 0, z: 0, w: 1}
  m_LocalPosition: {x: 0, y: 0, z: 0}
  m_LocalScale: {x: 1, y: 1, z: 1}
  m_Children: []
  m_Father: {fileID: 532678950}
  m_RootOrder: 6
  m_LocalEulerAnglesHint: {x: 0, y: 0, z: 0}
  m_AnchorMin: {x: 0.5, y: 0.5}
  m_AnchorMax: {x: 0.5, y: 0.5}
  m_AnchoredPosition: {x: 0, y: 0}
  m_SizeDelta: {x: 20, y: 20}
  m_Pivot: {x: 0.5, y: 0.5}
--- !u!114 &404477829
MonoBehaviour:
  m_ObjectHideFlags: 0
  m_PrefabParentObject: {fileID: 114000013206150578, guid: 7d0bcfe5ecdb4e04a8dfabfc0bd1c32d,
    type: 2}
  m_PrefabInternal: {fileID: 1530233632}
  m_GameObject: {fileID: 404477827}
  m_Enabled: 1
  m_EditorHideFlags: 0
  m_Script: {fileID: -765806418, guid: f5f67c52d1564df4a8936ccd202a3bd8, type: 3}
  m_Name: 
  m_EditorClassIdentifier: 
  m_Material: {fileID: 0}
  m_Color: {r: 1, g: 1, b: 1, a: 1}
  m_RaycastTarget: 0
  m_OnCullStateChanged:
    m_PersistentCalls:
      m_Calls: []
    m_TypeName: UnityEngine.UI.MaskableGraphic+CullStateChangedEvent, UnityEngine.UI,
      Version=1.0.0.0, Culture=neutral, PublicKeyToken=null
  m_Sprite: {fileID: 10913, guid: 0000000000000000f000000000000000, type: 0}
  m_Type: 0
  m_PreserveAspect: 0
  m_FillCenter: 1
  m_FillMethod: 4
  m_FillAmount: 1
  m_FillClockwise: 1
  m_FillOrigin: 0
--- !u!222 &404477830
CanvasRenderer:
  m_ObjectHideFlags: 0
  m_PrefabParentObject: {fileID: 222000011276017982, guid: 7d0bcfe5ecdb4e04a8dfabfc0bd1c32d,
    type: 2}
  m_PrefabInternal: {fileID: 1530233632}
  m_GameObject: {fileID: 404477827}
--- !u!1 &409791889
GameObject:
  m_ObjectHideFlags: 0
  m_PrefabParentObject: {fileID: 1298077089539886, guid: 7d0bcfe5ecdb4e04a8dfabfc0bd1c32d,
    type: 2}
  m_PrefabInternal: {fileID: 1530233632}
  serializedVersion: 5
  m_Component:
  - component: {fileID: 409791890}
  - component: {fileID: 409791892}
  - component: {fileID: 409791891}
  m_Layer: 5
  m_Name: Touch31
  m_TagString: Untagged
  m_Icon: {fileID: 0}
  m_NavMeshLayer: 0
  m_StaticEditorFlags: 0
  m_IsActive: 0
--- !u!224 &409791890
RectTransform:
  m_ObjectHideFlags: 0
  m_PrefabParentObject: {fileID: 224006700820032450, guid: 7d0bcfe5ecdb4e04a8dfabfc0bd1c32d,
    type: 2}
  m_PrefabInternal: {fileID: 1530233632}
  m_GameObject: {fileID: 409791889}
  m_LocalRotation: {x: -0, y: -0, z: -0, w: 1}
  m_LocalPosition: {x: 0, y: 0, z: 0}
  m_LocalScale: {x: 0, y: 0, z: 0}
  m_Children: []
  m_Father: {fileID: 532678950}
  m_RootOrder: 30
  m_LocalEulerAnglesHint: {x: 0, y: 0, z: 0}
  m_AnchorMin: {x: 0.5, y: 0.5}
  m_AnchorMax: {x: 0.5, y: 0.5}
  m_AnchoredPosition: {x: 0, y: 0}
  m_SizeDelta: {x: 20, y: 20}
  m_Pivot: {x: 0.5, y: 0.5}
--- !u!114 &409791891
MonoBehaviour:
  m_ObjectHideFlags: 0
  m_PrefabParentObject: {fileID: 114823648995266266, guid: 7d0bcfe5ecdb4e04a8dfabfc0bd1c32d,
    type: 2}
  m_PrefabInternal: {fileID: 1530233632}
  m_GameObject: {fileID: 409791889}
  m_Enabled: 1
  m_EditorHideFlags: 0
  m_Script: {fileID: -765806418, guid: f5f67c52d1564df4a8936ccd202a3bd8, type: 3}
  m_Name: 
  m_EditorClassIdentifier: 
  m_Material: {fileID: 0}
  m_Color: {r: 1, g: 1, b: 1, a: 1}
  m_RaycastTarget: 0
  m_OnCullStateChanged:
    m_PersistentCalls:
      m_Calls: []
    m_TypeName: UnityEngine.UI.MaskableGraphic+CullStateChangedEvent, UnityEngine.UI,
      Version=1.0.0.0, Culture=neutral, PublicKeyToken=null
  m_Sprite: {fileID: 10913, guid: 0000000000000000f000000000000000, type: 0}
  m_Type: 0
  m_PreserveAspect: 0
  m_FillCenter: 1
  m_FillMethod: 4
  m_FillAmount: 1
  m_FillClockwise: 1
  m_FillOrigin: 0
--- !u!222 &409791892
CanvasRenderer:
  m_ObjectHideFlags: 0
  m_PrefabParentObject: {fileID: 222197831559615652, guid: 7d0bcfe5ecdb4e04a8dfabfc0bd1c32d,
    type: 2}
  m_PrefabInternal: {fileID: 1530233632}
  m_GameObject: {fileID: 409791889}
--- !u!1 &461975673
GameObject:
  m_ObjectHideFlags: 0
  m_PrefabParentObject: {fileID: 1966647291561914, guid: 7d0bcfe5ecdb4e04a8dfabfc0bd1c32d,
    type: 2}
  m_PrefabInternal: {fileID: 1530233632}
  serializedVersion: 5
  m_Component:
  - component: {fileID: 461975674}
  - component: {fileID: 461975676}
  - component: {fileID: 461975675}
  m_Layer: 5
  m_Name: Touch21
  m_TagString: Untagged
  m_Icon: {fileID: 0}
  m_NavMeshLayer: 0
  m_StaticEditorFlags: 0
  m_IsActive: 0
--- !u!224 &461975674
RectTransform:
  m_ObjectHideFlags: 0
  m_PrefabParentObject: {fileID: 224474069406327648, guid: 7d0bcfe5ecdb4e04a8dfabfc0bd1c32d,
    type: 2}
  m_PrefabInternal: {fileID: 1530233632}
  m_GameObject: {fileID: 461975673}
  m_LocalRotation: {x: -0, y: -0, z: -0, w: 1}
  m_LocalPosition: {x: 0, y: 0, z: 0}
  m_LocalScale: {x: 0, y: 0, z: 0}
  m_Children: []
  m_Father: {fileID: 532678950}
  m_RootOrder: 20
  m_LocalEulerAnglesHint: {x: 0, y: 0, z: 0}
  m_AnchorMin: {x: 0.5, y: 0.5}
  m_AnchorMax: {x: 0.5, y: 0.5}
  m_AnchoredPosition: {x: 0, y: 0}
  m_SizeDelta: {x: 20, y: 20}
  m_Pivot: {x: 0.5, y: 0.5}
--- !u!114 &461975675
MonoBehaviour:
  m_ObjectHideFlags: 0
  m_PrefabParentObject: {fileID: 114106223857250038, guid: 7d0bcfe5ecdb4e04a8dfabfc0bd1c32d,
    type: 2}
  m_PrefabInternal: {fileID: 1530233632}
  m_GameObject: {fileID: 461975673}
  m_Enabled: 1
  m_EditorHideFlags: 0
  m_Script: {fileID: -765806418, guid: f5f67c52d1564df4a8936ccd202a3bd8, type: 3}
  m_Name: 
  m_EditorClassIdentifier: 
  m_Material: {fileID: 0}
  m_Color: {r: 1, g: 1, b: 1, a: 1}
  m_RaycastTarget: 0
  m_OnCullStateChanged:
    m_PersistentCalls:
      m_Calls: []
    m_TypeName: UnityEngine.UI.MaskableGraphic+CullStateChangedEvent, UnityEngine.UI,
      Version=1.0.0.0, Culture=neutral, PublicKeyToken=null
  m_Sprite: {fileID: 10913, guid: 0000000000000000f000000000000000, type: 0}
  m_Type: 0
  m_PreserveAspect: 0
  m_FillCenter: 1
  m_FillMethod: 4
  m_FillAmount: 1
  m_FillClockwise: 1
  m_FillOrigin: 0
--- !u!222 &461975676
CanvasRenderer:
  m_ObjectHideFlags: 0
  m_PrefabParentObject: {fileID: 222597513748796828, guid: 7d0bcfe5ecdb4e04a8dfabfc0bd1c32d,
    type: 2}
  m_PrefabInternal: {fileID: 1530233632}
  m_GameObject: {fileID: 461975673}
--- !u!1 &487217698
GameObject:
  m_ObjectHideFlags: 0
  m_PrefabParentObject: {fileID: 1000011844012702, guid: 7d0bcfe5ecdb4e04a8dfabfc0bd1c32d,
    type: 2}
  m_PrefabInternal: {fileID: 1530233632}
  serializedVersion: 5
  m_Component:
  - component: {fileID: 487217699}
  - component: {fileID: 487217701}
  - component: {fileID: 487217700}
  m_Layer: 5
  m_Name: Touch1
  m_TagString: Untagged
  m_Icon: {fileID: 0}
  m_NavMeshLayer: 0
  m_StaticEditorFlags: 0
  m_IsActive: 0
--- !u!224 &487217699
RectTransform:
  m_ObjectHideFlags: 0
  m_PrefabParentObject: {fileID: 224000013552261752, guid: 7d0bcfe5ecdb4e04a8dfabfc0bd1c32d,
    type: 2}
  m_PrefabInternal: {fileID: 1530233632}
  m_GameObject: {fileID: 487217698}
  m_LocalRotation: {x: 0, y: 0, z: 0, w: 1}
  m_LocalPosition: {x: 0, y: 0, z: 0}
  m_LocalScale: {x: 1, y: 1, z: 1}
  m_Children: []
  m_Father: {fileID: 532678950}
  m_RootOrder: 0
  m_LocalEulerAnglesHint: {x: 0, y: 0, z: 0}
  m_AnchorMin: {x: 0.5, y: 0.5}
  m_AnchorMax: {x: 0.5, y: 0.5}
  m_AnchoredPosition: {x: 0, y: 0}
  m_SizeDelta: {x: 20, y: 20}
  m_Pivot: {x: 0.5, y: 0.5}
--- !u!114 &487217700
MonoBehaviour:
  m_ObjectHideFlags: 0
  m_PrefabParentObject: {fileID: 114000011497357838, guid: 7d0bcfe5ecdb4e04a8dfabfc0bd1c32d,
    type: 2}
  m_PrefabInternal: {fileID: 1530233632}
  m_GameObject: {fileID: 487217698}
  m_Enabled: 1
  m_EditorHideFlags: 0
  m_Script: {fileID: -765806418, guid: f5f67c52d1564df4a8936ccd202a3bd8, type: 3}
  m_Name: 
  m_EditorClassIdentifier: 
  m_Material: {fileID: 0}
  m_Color: {r: 1, g: 1, b: 1, a: 1}
  m_RaycastTarget: 0
  m_OnCullStateChanged:
    m_PersistentCalls:
      m_Calls: []
    m_TypeName: UnityEngine.UI.MaskableGraphic+CullStateChangedEvent, UnityEngine.UI,
      Version=1.0.0.0, Culture=neutral, PublicKeyToken=null
  m_Sprite: {fileID: 10913, guid: 0000000000000000f000000000000000, type: 0}
  m_Type: 0
  m_PreserveAspect: 0
  m_FillCenter: 1
  m_FillMethod: 4
  m_FillAmount: 1
  m_FillClockwise: 1
  m_FillOrigin: 0
--- !u!222 &487217701
CanvasRenderer:
  m_ObjectHideFlags: 0
  m_PrefabParentObject: {fileID: 222000013261866428, guid: 7d0bcfe5ecdb4e04a8dfabfc0bd1c32d,
    type: 2}
  m_PrefabInternal: {fileID: 1530233632}
  m_GameObject: {fileID: 487217698}
--- !u!1 &532678949
GameObject:
  m_ObjectHideFlags: 0
  m_PrefabParentObject: {fileID: 1000014078666968, guid: 7d0bcfe5ecdb4e04a8dfabfc0bd1c32d,
    type: 2}
  m_PrefabInternal: {fileID: 1530233632}
  serializedVersion: 5
  m_Component:
  - component: {fileID: 532678950}
  m_Layer: 5
  m_Name: Touches
  m_TagString: Untagged
  m_Icon: {fileID: 0}
  m_NavMeshLayer: 0
  m_StaticEditorFlags: 0
  m_IsActive: 1
--- !u!224 &532678950
RectTransform:
  m_ObjectHideFlags: 0
  m_PrefabParentObject: {fileID: 224000012329810274, guid: 7d0bcfe5ecdb4e04a8dfabfc0bd1c32d,
    type: 2}
  m_PrefabInternal: {fileID: 1530233632}
  m_GameObject: {fileID: 532678949}
  m_LocalRotation: {x: -0, y: -0, z: -0, w: 1}
  m_LocalPosition: {x: 0, y: 0, z: 0}
  m_LocalScale: {x: 2.2325191, y: 2.2325191, z: 1}
  m_Children:
  - {fileID: 487217699}
  - {fileID: 1538929336}
  - {fileID: 1284042217}
  - {fileID: 183076090}
  - {fileID: 798829944}
  - {fileID: 1475873710}
  - {fileID: 404477828}
  - {fileID: 1790569745}
  - {fileID: 1880166805}
  - {fileID: 2075558751}
  - {fileID: 1026162468}
  - {fileID: 959738055}
  - {fileID: 694438174}
  - {fileID: 835646203}
  - {fileID: 1008144835}
  - {fileID: 904180892}
  - {fileID: 2014058434}
  - {fileID: 710205451}
  - {fileID: 876067261}
  - {fileID: 829397331}
  - {fileID: 461975674}
  - {fileID: 1407820419}
  - {fileID: 604257081}
  - {fileID: 1191020093}
  - {fileID: 539824295}
  - {fileID: 1818459950}
  - {fileID: 36443878}
  - {fileID: 2111007916}
  - {fileID: 1648744680}
  - {fileID: 1428644038}
  - {fileID: 409791890}
  - {fileID: 1828982852}
  m_Father: {fileID: 1688891362}
  m_RootOrder: 0
  m_LocalEulerAnglesHint: {x: 0, y: 0, z: 0}
  m_AnchorMin: {x: 0.5, y: 0.5}
  m_AnchorMax: {x: 0.5, y: 0.5}
  m_AnchoredPosition: {x: 0, y: 0}
  m_SizeDelta: {x: 100, y: 100}
  m_Pivot: {x: 0.5, y: 0.5}
--- !u!1 &539824294
GameObject:
  m_ObjectHideFlags: 0
  m_PrefabParentObject: {fileID: 1945502256332924, guid: 7d0bcfe5ecdb4e04a8dfabfc0bd1c32d,
    type: 2}
  m_PrefabInternal: {fileID: 1530233632}
  serializedVersion: 5
  m_Component:
  - component: {fileID: 539824295}
  - component: {fileID: 539824297}
  - component: {fileID: 539824296}
  m_Layer: 5
  m_Name: Touch25
  m_TagString: Untagged
  m_Icon: {fileID: 0}
  m_NavMeshLayer: 0
  m_StaticEditorFlags: 0
  m_IsActive: 0
--- !u!224 &539824295
RectTransform:
  m_ObjectHideFlags: 0
  m_PrefabParentObject: {fileID: 224822704613128250, guid: 7d0bcfe5ecdb4e04a8dfabfc0bd1c32d,
    type: 2}
  m_PrefabInternal: {fileID: 1530233632}
  m_GameObject: {fileID: 539824294}
  m_LocalRotation: {x: -0, y: -0, z: -0, w: 1}
  m_LocalPosition: {x: 0, y: 0, z: 0}
  m_LocalScale: {x: 0, y: 0, z: 0}
  m_Children: []
  m_Father: {fileID: 532678950}
  m_RootOrder: 24
  m_LocalEulerAnglesHint: {x: 0, y: 0, z: 0}
  m_AnchorMin: {x: 0.5, y: 0.5}
  m_AnchorMax: {x: 0.5, y: 0.5}
  m_AnchoredPosition: {x: 0, y: 0}
  m_SizeDelta: {x: 20, y: 20}
  m_Pivot: {x: 0.5, y: 0.5}
--- !u!114 &539824296
MonoBehaviour:
  m_ObjectHideFlags: 0
  m_PrefabParentObject: {fileID: 114980828813928128, guid: 7d0bcfe5ecdb4e04a8dfabfc0bd1c32d,
    type: 2}
  m_PrefabInternal: {fileID: 1530233632}
  m_GameObject: {fileID: 539824294}
  m_Enabled: 1
  m_EditorHideFlags: 0
  m_Script: {fileID: -765806418, guid: f5f67c52d1564df4a8936ccd202a3bd8, type: 3}
  m_Name: 
  m_EditorClassIdentifier: 
  m_Material: {fileID: 0}
  m_Color: {r: 1, g: 1, b: 1, a: 1}
  m_RaycastTarget: 0
  m_OnCullStateChanged:
    m_PersistentCalls:
      m_Calls: []
    m_TypeName: UnityEngine.UI.MaskableGraphic+CullStateChangedEvent, UnityEngine.UI,
      Version=1.0.0.0, Culture=neutral, PublicKeyToken=null
  m_Sprite: {fileID: 10913, guid: 0000000000000000f000000000000000, type: 0}
  m_Type: 0
  m_PreserveAspect: 0
  m_FillCenter: 1
  m_FillMethod: 4
  m_FillAmount: 1
  m_FillClockwise: 1
  m_FillOrigin: 0
--- !u!222 &539824297
CanvasRenderer:
  m_ObjectHideFlags: 0
  m_PrefabParentObject: {fileID: 222215551270692150, guid: 7d0bcfe5ecdb4e04a8dfabfc0bd1c32d,
    type: 2}
  m_PrefabInternal: {fileID: 1530233632}
  m_GameObject: {fileID: 539824294}
--- !u!1 &581505731
GameObject:
  m_ObjectHideFlags: 0
  m_PrefabParentObject: {fileID: 0}
  m_PrefabInternal: {fileID: 0}
  serializedVersion: 5
  m_Component:
  - component: {fileID: 581505733}
  - component: {fileID: 581505732}
  m_Layer: 0
  m_Name: Directional Light
  m_TagString: Untagged
  m_Icon: {fileID: 0}
  m_NavMeshLayer: 0
  m_StaticEditorFlags: 0
  m_IsActive: 1
--- !u!108 &581505732
Light:
  m_ObjectHideFlags: 0
  m_PrefabParentObject: {fileID: 0}
  m_PrefabInternal: {fileID: 0}
  m_GameObject: {fileID: 581505731}
  m_Enabled: 1
  serializedVersion: 8
  m_Type: 1
  m_Color: {r: 1, g: 0.95686275, b: 0.8392157, a: 1}
  m_Intensity: 1
  m_Range: 10
  m_SpotAngle: 30
  m_CookieSize: 10
  m_Shadows:
    m_Type: 2
    m_Resolution: -1
    m_CustomResolution: -1
    m_Strength: 1
    m_Bias: 0.05
    m_NormalBias: 0.4
    m_NearPlane: 0.2
  m_Cookie: {fileID: 0}
  m_DrawHalo: 0
  m_Flare: {fileID: 0}
  m_RenderMode: 0
  m_CullingMask:
    serializedVersion: 2
    m_Bits: 4294967295
  m_Lightmapping: 4
  m_AreaSize: {x: 1, y: 1}
  m_BounceIntensity: 1
  m_ColorTemperature: 6570
  m_UseColorTemperature: 0
  m_ShadowRadius: 0
  m_ShadowAngle: 0
--- !u!4 &581505733
Transform:
  m_ObjectHideFlags: 0
  m_PrefabParentObject: {fileID: 0}
  m_PrefabInternal: {fileID: 0}
  m_GameObject: {fileID: 581505731}
  m_LocalRotation: {x: 0.40821788, y: -0.23456968, z: 0.10938163, w: 0.8754261}
  m_LocalPosition: {x: 0, y: 3, z: 0}
  m_LocalScale: {x: 1, y: 1, z: 1}
  m_Children: []
  m_Father: {fileID: 0}
  m_RootOrder: 1
  m_LocalEulerAnglesHint: {x: 50, y: -30, z: 0}
--- !u!1 &604257080
GameObject:
  m_ObjectHideFlags: 0
  m_PrefabParentObject: {fileID: 1824261990652280, guid: 7d0bcfe5ecdb4e04a8dfabfc0bd1c32d,
    type: 2}
  m_PrefabInternal: {fileID: 1530233632}
  serializedVersion: 5
  m_Component:
  - component: {fileID: 604257081}
  - component: {fileID: 604257083}
  - component: {fileID: 604257082}
  m_Layer: 5
  m_Name: Touch23
  m_TagString: Untagged
  m_Icon: {fileID: 0}
  m_NavMeshLayer: 0
  m_StaticEditorFlags: 0
  m_IsActive: 0
--- !u!224 &604257081
RectTransform:
  m_ObjectHideFlags: 0
  m_PrefabParentObject: {fileID: 224369858792491532, guid: 7d0bcfe5ecdb4e04a8dfabfc0bd1c32d,
    type: 2}
  m_PrefabInternal: {fileID: 1530233632}
  m_GameObject: {fileID: 604257080}
  m_LocalRotation: {x: -0, y: -0, z: -0, w: 1}
  m_LocalPosition: {x: 0, y: 0, z: 0}
  m_LocalScale: {x: 0, y: 0, z: 0}
  m_Children: []
  m_Father: {fileID: 532678950}
  m_RootOrder: 22
  m_LocalEulerAnglesHint: {x: 0, y: 0, z: 0}
  m_AnchorMin: {x: 0.5, y: 0.5}
  m_AnchorMax: {x: 0.5, y: 0.5}
  m_AnchoredPosition: {x: 0, y: 0}
  m_SizeDelta: {x: 20, y: 20}
  m_Pivot: {x: 0.5, y: 0.5}
--- !u!114 &604257082
MonoBehaviour:
  m_ObjectHideFlags: 0
  m_PrefabParentObject: {fileID: 114678998196572066, guid: 7d0bcfe5ecdb4e04a8dfabfc0bd1c32d,
    type: 2}
  m_PrefabInternal: {fileID: 1530233632}
  m_GameObject: {fileID: 604257080}
  m_Enabled: 1
  m_EditorHideFlags: 0
  m_Script: {fileID: -765806418, guid: f5f67c52d1564df4a8936ccd202a3bd8, type: 3}
  m_Name: 
  m_EditorClassIdentifier: 
  m_Material: {fileID: 0}
  m_Color: {r: 1, g: 1, b: 1, a: 1}
  m_RaycastTarget: 0
  m_OnCullStateChanged:
    m_PersistentCalls:
      m_Calls: []
    m_TypeName: UnityEngine.UI.MaskableGraphic+CullStateChangedEvent, UnityEngine.UI,
      Version=1.0.0.0, Culture=neutral, PublicKeyToken=null
  m_Sprite: {fileID: 10913, guid: 0000000000000000f000000000000000, type: 0}
  m_Type: 0
  m_PreserveAspect: 0
  m_FillCenter: 1
  m_FillMethod: 4
  m_FillAmount: 1
  m_FillClockwise: 1
  m_FillOrigin: 0
--- !u!222 &604257083
CanvasRenderer:
  m_ObjectHideFlags: 0
  m_PrefabParentObject: {fileID: 222505188791111254, guid: 7d0bcfe5ecdb4e04a8dfabfc0bd1c32d,
    type: 2}
  m_PrefabInternal: {fileID: 1530233632}
  m_GameObject: {fileID: 604257080}
--- !u!1 &612002678
GameObject:
  m_ObjectHideFlags: 0
  m_PrefabParentObject: {fileID: 0}
  m_PrefabInternal: {fileID: 0}
  serializedVersion: 5
  m_Component:
  - component: {fileID: 612002683}
  - component: {fileID: 612002682}
  - component: {fileID: 612002681}
  - component: {fileID: 612002680}
  - component: {fileID: 612002679}
  - component: {fileID: 612002684}
  m_Layer: 0
  m_Name: Main Camera
  m_TagString: MainCamera
  m_Icon: {fileID: 0}
  m_NavMeshLayer: 0
  m_StaticEditorFlags: 0
  m_IsActive: 1
--- !u!81 &612002679
AudioListener:
  m_ObjectHideFlags: 0
  m_PrefabParentObject: {fileID: 0}
  m_PrefabInternal: {fileID: 0}
  m_GameObject: {fileID: 612002678}
  m_Enabled: 1
--- !u!124 &612002680
Behaviour:
  m_ObjectHideFlags: 0
  m_PrefabParentObject: {fileID: 0}
  m_PrefabInternal: {fileID: 0}
  m_GameObject: {fileID: 612002678}
  m_Enabled: 1
--- !u!92 &612002681
Behaviour:
  m_ObjectHideFlags: 0
  m_PrefabParentObject: {fileID: 0}
  m_PrefabInternal: {fileID: 0}
  m_GameObject: {fileID: 612002678}
  m_Enabled: 1
--- !u!20 &612002682
Camera:
  m_ObjectHideFlags: 0
  m_PrefabParentObject: {fileID: 0}
  m_PrefabInternal: {fileID: 0}
  m_GameObject: {fileID: 612002678}
  m_Enabled: 1
  serializedVersion: 2
  m_ClearFlags: 2
  m_BackGroundColor: {r: 0, g: 0, b: 0, a: 0}
  m_NormalizedViewPortRect:
    serializedVersion: 2
    x: 0
    y: 0
    width: 1
    height: 1
  near clip plane: 0.3
  far clip plane: 1000
  field of view: 60
  orthographic: 1
  orthographic size: 100
  m_Depth: -1
  m_CullingMask:
    serializedVersion: 2
    m_Bits: 4294967295
  m_RenderingPath: -1
  m_TargetTexture: {fileID: 0}
  m_TargetDisplay: 0
  m_TargetEye: 3
  m_HDR: 0
  m_AllowMSAA: 1
  m_AllowDynamicResolution: 0
  m_ForceIntoRT: 0
  m_OcclusionCulling: 1
  m_StereoConvergence: 10
  m_StereoSeparation: 0.022
--- !u!4 &612002683
Transform:
  m_ObjectHideFlags: 0
  m_PrefabParentObject: {fileID: 0}
  m_PrefabInternal: {fileID: 0}
  m_GameObject: {fileID: 612002678}
  m_LocalRotation: {x: 0, y: 0, z: 0, w: 1}
  m_LocalPosition: {x: 0, y: 1, z: -10}
  m_LocalScale: {x: 1, y: 1, z: 1}
  m_Children: []
  m_Father: {fileID: 0}
  m_RootOrder: 0
  m_LocalEulerAnglesHint: {x: 0, y: 0, z: 0}
--- !u!114 &612002684
MonoBehaviour:
  m_ObjectHideFlags: 0
  m_PrefabParentObject: {fileID: 0}
  m_PrefabInternal: {fileID: 0}
  m_GameObject: {fileID: 612002678}
  m_Enabled: 1
  m_EditorHideFlags: 0
  m_Script: {fileID: -1690312454, guid: f70555f144d8491a825f0804e09c671c, type: 3}
  m_Name: 
  m_EditorClassIdentifier: 
  m_EventMask:
    serializedVersion: 2
    m_Bits: 4294967295
  m_MaxRayIntersections: 0
--- !u!1 &694438173
GameObject:
  m_ObjectHideFlags: 0
  m_PrefabParentObject: {fileID: 1942106903640940, guid: 7d0bcfe5ecdb4e04a8dfabfc0bd1c32d,
    type: 2}
  m_PrefabInternal: {fileID: 1530233632}
  serializedVersion: 5
  m_Component:
  - component: {fileID: 694438174}
  - component: {fileID: 694438176}
  - component: {fileID: 694438175}
  m_Layer: 5
  m_Name: Touch13
  m_TagString: Untagged
  m_Icon: {fileID: 0}
  m_NavMeshLayer: 0
  m_StaticEditorFlags: 0
  m_IsActive: 0
--- !u!224 &694438174
RectTransform:
  m_ObjectHideFlags: 0
  m_PrefabParentObject: {fileID: 224540959138426646, guid: 7d0bcfe5ecdb4e04a8dfabfc0bd1c32d,
    type: 2}
  m_PrefabInternal: {fileID: 1530233632}
  m_GameObject: {fileID: 694438173}
  m_LocalRotation: {x: -0, y: -0, z: -0, w: 1}
  m_LocalPosition: {x: 0, y: 0, z: 0}
  m_LocalScale: {x: 0, y: 0, z: 0}
  m_Children: []
  m_Father: {fileID: 532678950}
  m_RootOrder: 12
  m_LocalEulerAnglesHint: {x: 0, y: 0, z: 0}
  m_AnchorMin: {x: 0.5, y: 0.5}
  m_AnchorMax: {x: 0.5, y: 0.5}
  m_AnchoredPosition: {x: 0, y: 0}
  m_SizeDelta: {x: 20, y: 20}
  m_Pivot: {x: 0.5, y: 0.5}
--- !u!114 &694438175
MonoBehaviour:
  m_ObjectHideFlags: 0
  m_PrefabParentObject: {fileID: 114788268588377184, guid: 7d0bcfe5ecdb4e04a8dfabfc0bd1c32d,
    type: 2}
  m_PrefabInternal: {fileID: 1530233632}
  m_GameObject: {fileID: 694438173}
  m_Enabled: 1
  m_EditorHideFlags: 0
  m_Script: {fileID: -765806418, guid: f5f67c52d1564df4a8936ccd202a3bd8, type: 3}
  m_Name: 
  m_EditorClassIdentifier: 
  m_Material: {fileID: 0}
  m_Color: {r: 1, g: 1, b: 1, a: 1}
  m_RaycastTarget: 0
  m_OnCullStateChanged:
    m_PersistentCalls:
      m_Calls: []
    m_TypeName: UnityEngine.UI.MaskableGraphic+CullStateChangedEvent, UnityEngine.UI,
      Version=1.0.0.0, Culture=neutral, PublicKeyToken=null
  m_Sprite: {fileID: 10913, guid: 0000000000000000f000000000000000, type: 0}
  m_Type: 0
  m_PreserveAspect: 0
  m_FillCenter: 1
  m_FillMethod: 4
  m_FillAmount: 1
  m_FillClockwise: 1
  m_FillOrigin: 0
--- !u!222 &694438176
CanvasRenderer:
  m_ObjectHideFlags: 0
  m_PrefabParentObject: {fileID: 222252603900803776, guid: 7d0bcfe5ecdb4e04a8dfabfc0bd1c32d,
    type: 2}
  m_PrefabInternal: {fileID: 1530233632}
  m_GameObject: {fileID: 694438173}
--- !u!1 &710205450
GameObject:
  m_ObjectHideFlags: 0
  m_PrefabParentObject: {fileID: 1517984179577524, guid: 7d0bcfe5ecdb4e04a8dfabfc0bd1c32d,
    type: 2}
  m_PrefabInternal: {fileID: 1530233632}
  serializedVersion: 5
  m_Component:
  - component: {fileID: 710205451}
  - component: {fileID: 710205453}
  - component: {fileID: 710205452}
  m_Layer: 5
  m_Name: Touch18
  m_TagString: Untagged
  m_Icon: {fileID: 0}
  m_NavMeshLayer: 0
  m_StaticEditorFlags: 0
  m_IsActive: 0
--- !u!224 &710205451
RectTransform:
  m_ObjectHideFlags: 0
  m_PrefabParentObject: {fileID: 224652916059917624, guid: 7d0bcfe5ecdb4e04a8dfabfc0bd1c32d,
    type: 2}
  m_PrefabInternal: {fileID: 1530233632}
  m_GameObject: {fileID: 710205450}
  m_LocalRotation: {x: -0, y: -0, z: -0, w: 1}
  m_LocalPosition: {x: 0, y: 0, z: 0}
  m_LocalScale: {x: 0, y: 0, z: 0}
  m_Children: []
  m_Father: {fileID: 532678950}
  m_RootOrder: 17
  m_LocalEulerAnglesHint: {x: 0, y: 0, z: 0}
  m_AnchorMin: {x: 0.5, y: 0.5}
  m_AnchorMax: {x: 0.5, y: 0.5}
  m_AnchoredPosition: {x: 0, y: 0}
  m_SizeDelta: {x: 20, y: 20}
  m_Pivot: {x: 0.5, y: 0.5}
--- !u!114 &710205452
MonoBehaviour:
  m_ObjectHideFlags: 0
  m_PrefabParentObject: {fileID: 114096086519285308, guid: 7d0bcfe5ecdb4e04a8dfabfc0bd1c32d,
    type: 2}
  m_PrefabInternal: {fileID: 1530233632}
  m_GameObject: {fileID: 710205450}
  m_Enabled: 1
  m_EditorHideFlags: 0
  m_Script: {fileID: -765806418, guid: f5f67c52d1564df4a8936ccd202a3bd8, type: 3}
  m_Name: 
  m_EditorClassIdentifier: 
  m_Material: {fileID: 0}
  m_Color: {r: 1, g: 1, b: 1, a: 1}
  m_RaycastTarget: 0
  m_OnCullStateChanged:
    m_PersistentCalls:
      m_Calls: []
    m_TypeName: UnityEngine.UI.MaskableGraphic+CullStateChangedEvent, UnityEngine.UI,
      Version=1.0.0.0, Culture=neutral, PublicKeyToken=null
  m_Sprite: {fileID: 10913, guid: 0000000000000000f000000000000000, type: 0}
  m_Type: 0
  m_PreserveAspect: 0
  m_FillCenter: 1
  m_FillMethod: 4
  m_FillAmount: 1
  m_FillClockwise: 1
  m_FillOrigin: 0
--- !u!222 &710205453
CanvasRenderer:
  m_ObjectHideFlags: 0
  m_PrefabParentObject: {fileID: 222594810136549352, guid: 7d0bcfe5ecdb4e04a8dfabfc0bd1c32d,
    type: 2}
  m_PrefabInternal: {fileID: 1530233632}
  m_GameObject: {fileID: 710205450}
--- !u!1 &798829943
GameObject:
  m_ObjectHideFlags: 0
  m_PrefabParentObject: {fileID: 1000011182920654, guid: 7d0bcfe5ecdb4e04a8dfabfc0bd1c32d,
    type: 2}
  m_PrefabInternal: {fileID: 1530233632}
  serializedVersion: 5
  m_Component:
  - component: {fileID: 798829944}
  - component: {fileID: 798829946}
  - component: {fileID: 798829945}
  m_Layer: 5
  m_Name: Touch5
  m_TagString: Untagged
  m_Icon: {fileID: 0}
  m_NavMeshLayer: 0
  m_StaticEditorFlags: 0
  m_IsActive: 0
--- !u!224 &798829944
RectTransform:
  m_ObjectHideFlags: 0
  m_PrefabParentObject: {fileID: 224000013168730436, guid: 7d0bcfe5ecdb4e04a8dfabfc0bd1c32d,
    type: 2}
  m_PrefabInternal: {fileID: 1530233632}
  m_GameObject: {fileID: 798829943}
  m_LocalRotation: {x: 0, y: 0, z: 0, w: 1}
  m_LocalPosition: {x: 0, y: 0, z: 0}
  m_LocalScale: {x: 1, y: 1, z: 1}
  m_Children: []
  m_Father: {fileID: 532678950}
  m_RootOrder: 4
  m_LocalEulerAnglesHint: {x: 0, y: 0, z: 0}
  m_AnchorMin: {x: 0.5, y: 0.5}
  m_AnchorMax: {x: 0.5, y: 0.5}
  m_AnchoredPosition: {x: 0, y: 0}
  m_SizeDelta: {x: 20, y: 20}
  m_Pivot: {x: 0.5, y: 0.5}
--- !u!114 &798829945
MonoBehaviour:
  m_ObjectHideFlags: 0
  m_PrefabParentObject: {fileID: 114000013324447652, guid: 7d0bcfe5ecdb4e04a8dfabfc0bd1c32d,
    type: 2}
  m_PrefabInternal: {fileID: 1530233632}
  m_GameObject: {fileID: 798829943}
  m_Enabled: 1
  m_EditorHideFlags: 0
  m_Script: {fileID: -765806418, guid: f5f67c52d1564df4a8936ccd202a3bd8, type: 3}
  m_Name: 
  m_EditorClassIdentifier: 
  m_Material: {fileID: 0}
  m_Color: {r: 1, g: 1, b: 1, a: 1}
  m_RaycastTarget: 0
  m_OnCullStateChanged:
    m_PersistentCalls:
      m_Calls: []
    m_TypeName: UnityEngine.UI.MaskableGraphic+CullStateChangedEvent, UnityEngine.UI,
      Version=1.0.0.0, Culture=neutral, PublicKeyToken=null
  m_Sprite: {fileID: 10913, guid: 0000000000000000f000000000000000, type: 0}
  m_Type: 0
  m_PreserveAspect: 0
  m_FillCenter: 1
  m_FillMethod: 4
  m_FillAmount: 1
  m_FillClockwise: 1
  m_FillOrigin: 0
--- !u!222 &798829946
CanvasRenderer:
  m_ObjectHideFlags: 0
  m_PrefabParentObject: {fileID: 222000013842835848, guid: 7d0bcfe5ecdb4e04a8dfabfc0bd1c32d,
    type: 2}
  m_PrefabInternal: {fileID: 1530233632}
  m_GameObject: {fileID: 798829943}
--- !u!1 &829397330
GameObject:
  m_ObjectHideFlags: 0
  m_PrefabParentObject: {fileID: 1675150751205092, guid: 7d0bcfe5ecdb4e04a8dfabfc0bd1c32d,
    type: 2}
  m_PrefabInternal: {fileID: 1530233632}
  serializedVersion: 5
  m_Component:
  - component: {fileID: 829397331}
  - component: {fileID: 829397333}
  - component: {fileID: 829397332}
  m_Layer: 5
  m_Name: Touch20
  m_TagString: Untagged
  m_Icon: {fileID: 0}
  m_NavMeshLayer: 0
  m_StaticEditorFlags: 0
  m_IsActive: 0
--- !u!224 &829397331
RectTransform:
  m_ObjectHideFlags: 0
  m_PrefabParentObject: {fileID: 224648778458394170, guid: 7d0bcfe5ecdb4e04a8dfabfc0bd1c32d,
    type: 2}
  m_PrefabInternal: {fileID: 1530233632}
  m_GameObject: {fileID: 829397330}
  m_LocalRotation: {x: -0, y: -0, z: -0, w: 1}
  m_LocalPosition: {x: 0, y: 0, z: 0}
  m_LocalScale: {x: 0, y: 0, z: 0}
  m_Children: []
  m_Father: {fileID: 532678950}
  m_RootOrder: 19
  m_LocalEulerAnglesHint: {x: 0, y: 0, z: 0}
  m_AnchorMin: {x: 0.5, y: 0.5}
  m_AnchorMax: {x: 0.5, y: 0.5}
  m_AnchoredPosition: {x: 0, y: 0}
  m_SizeDelta: {x: 20, y: 20}
  m_Pivot: {x: 0.5, y: 0.5}
--- !u!114 &829397332
MonoBehaviour:
  m_ObjectHideFlags: 0
  m_PrefabParentObject: {fileID: 114002472205568410, guid: 7d0bcfe5ecdb4e04a8dfabfc0bd1c32d,
    type: 2}
  m_PrefabInternal: {fileID: 1530233632}
  m_GameObject: {fileID: 829397330}
  m_Enabled: 1
  m_EditorHideFlags: 0
  m_Script: {fileID: -765806418, guid: f5f67c52d1564df4a8936ccd202a3bd8, type: 3}
  m_Name: 
  m_EditorClassIdentifier: 
  m_Material: {fileID: 0}
  m_Color: {r: 1, g: 1, b: 1, a: 1}
  m_RaycastTarget: 0
  m_OnCullStateChanged:
    m_PersistentCalls:
      m_Calls: []
    m_TypeName: UnityEngine.UI.MaskableGraphic+CullStateChangedEvent, UnityEngine.UI,
      Version=1.0.0.0, Culture=neutral, PublicKeyToken=null
  m_Sprite: {fileID: 10913, guid: 0000000000000000f000000000000000, type: 0}
  m_Type: 0
  m_PreserveAspect: 0
  m_FillCenter: 1
  m_FillMethod: 4
  m_FillAmount: 1
  m_FillClockwise: 1
  m_FillOrigin: 0
--- !u!222 &829397333
CanvasRenderer:
  m_ObjectHideFlags: 0
  m_PrefabParentObject: {fileID: 222364876195757738, guid: 7d0bcfe5ecdb4e04a8dfabfc0bd1c32d,
    type: 2}
  m_PrefabInternal: {fileID: 1530233632}
  m_GameObject: {fileID: 829397330}
--- !u!1 &835646202
GameObject:
  m_ObjectHideFlags: 0
  m_PrefabParentObject: {fileID: 1941275124502426, guid: 7d0bcfe5ecdb4e04a8dfabfc0bd1c32d,
    type: 2}
  m_PrefabInternal: {fileID: 1530233632}
  serializedVersion: 5
  m_Component:
  - component: {fileID: 835646203}
  - component: {fileID: 835646205}
  - component: {fileID: 835646204}
  m_Layer: 5
  m_Name: Touch14
  m_TagString: Untagged
  m_Icon: {fileID: 0}
  m_NavMeshLayer: 0
  m_StaticEditorFlags: 0
  m_IsActive: 0
--- !u!224 &835646203
RectTransform:
  m_ObjectHideFlags: 0
  m_PrefabParentObject: {fileID: 224532055552833520, guid: 7d0bcfe5ecdb4e04a8dfabfc0bd1c32d,
    type: 2}
  m_PrefabInternal: {fileID: 1530233632}
  m_GameObject: {fileID: 835646202}
  m_LocalRotation: {x: -0, y: -0, z: -0, w: 1}
  m_LocalPosition: {x: 0, y: 0, z: 0}
  m_LocalScale: {x: 0, y: 0, z: 0}
  m_Children: []
  m_Father: {fileID: 532678950}
  m_RootOrder: 13
  m_LocalEulerAnglesHint: {x: 0, y: 0, z: 0}
  m_AnchorMin: {x: 0.5, y: 0.5}
  m_AnchorMax: {x: 0.5, y: 0.5}
  m_AnchoredPosition: {x: 0, y: 0}
  m_SizeDelta: {x: 20, y: 20}
  m_Pivot: {x: 0.5, y: 0.5}
--- !u!114 &835646204
MonoBehaviour:
  m_ObjectHideFlags: 0
  m_PrefabParentObject: {fileID: 114374867700689136, guid: 7d0bcfe5ecdb4e04a8dfabfc0bd1c32d,
    type: 2}
  m_PrefabInternal: {fileID: 1530233632}
  m_GameObject: {fileID: 835646202}
  m_Enabled: 1
  m_EditorHideFlags: 0
  m_Script: {fileID: -765806418, guid: f5f67c52d1564df4a8936ccd202a3bd8, type: 3}
  m_Name: 
  m_EditorClassIdentifier: 
  m_Material: {fileID: 0}
  m_Color: {r: 1, g: 1, b: 1, a: 1}
  m_RaycastTarget: 0
  m_OnCullStateChanged:
    m_PersistentCalls:
      m_Calls: []
    m_TypeName: UnityEngine.UI.MaskableGraphic+CullStateChangedEvent, UnityEngine.UI,
      Version=1.0.0.0, Culture=neutral, PublicKeyToken=null
  m_Sprite: {fileID: 10913, guid: 0000000000000000f000000000000000, type: 0}
  m_Type: 0
  m_PreserveAspect: 0
  m_FillCenter: 1
  m_FillMethod: 4
  m_FillAmount: 1
  m_FillClockwise: 1
  m_FillOrigin: 0
--- !u!222 &835646205
CanvasRenderer:
  m_ObjectHideFlags: 0
  m_PrefabParentObject: {fileID: 222765158383818494, guid: 7d0bcfe5ecdb4e04a8dfabfc0bd1c32d,
    type: 2}
  m_PrefabInternal: {fileID: 1530233632}
  m_GameObject: {fileID: 835646202}
--- !u!1 &876067260
GameObject:
  m_ObjectHideFlags: 0
  m_PrefabParentObject: {fileID: 1038176040386688, guid: 7d0bcfe5ecdb4e04a8dfabfc0bd1c32d,
    type: 2}
  m_PrefabInternal: {fileID: 1530233632}
  serializedVersion: 5
  m_Component:
  - component: {fileID: 876067261}
  - component: {fileID: 876067263}
  - component: {fileID: 876067262}
  m_Layer: 5
  m_Name: Touch19
  m_TagString: Untagged
  m_Icon: {fileID: 0}
  m_NavMeshLayer: 0
  m_StaticEditorFlags: 0
  m_IsActive: 0
--- !u!224 &876067261
RectTransform:
  m_ObjectHideFlags: 0
  m_PrefabParentObject: {fileID: 224353800534255520, guid: 7d0bcfe5ecdb4e04a8dfabfc0bd1c32d,
    type: 2}
  m_PrefabInternal: {fileID: 1530233632}
  m_GameObject: {fileID: 876067260}
  m_LocalRotation: {x: -0, y: -0, z: -0, w: 1}
  m_LocalPosition: {x: 0, y: 0, z: 0}
  m_LocalScale: {x: 0, y: 0, z: 0}
  m_Children: []
  m_Father: {fileID: 532678950}
  m_RootOrder: 18
  m_LocalEulerAnglesHint: {x: 0, y: 0, z: 0}
  m_AnchorMin: {x: 0.5, y: 0.5}
  m_AnchorMax: {x: 0.5, y: 0.5}
  m_AnchoredPosition: {x: 0, y: 0}
  m_SizeDelta: {x: 20, y: 20}
  m_Pivot: {x: 0.5, y: 0.5}
--- !u!114 &876067262
MonoBehaviour:
  m_ObjectHideFlags: 0
  m_PrefabParentObject: {fileID: 114135430157744436, guid: 7d0bcfe5ecdb4e04a8dfabfc0bd1c32d,
    type: 2}
  m_PrefabInternal: {fileID: 1530233632}
  m_GameObject: {fileID: 876067260}
  m_Enabled: 1
  m_EditorHideFlags: 0
  m_Script: {fileID: -765806418, guid: f5f67c52d1564df4a8936ccd202a3bd8, type: 3}
  m_Name: 
  m_EditorClassIdentifier: 
  m_Material: {fileID: 0}
  m_Color: {r: 1, g: 1, b: 1, a: 1}
  m_RaycastTarget: 0
  m_OnCullStateChanged:
    m_PersistentCalls:
      m_Calls: []
    m_TypeName: UnityEngine.UI.MaskableGraphic+CullStateChangedEvent, UnityEngine.UI,
      Version=1.0.0.0, Culture=neutral, PublicKeyToken=null
  m_Sprite: {fileID: 10913, guid: 0000000000000000f000000000000000, type: 0}
  m_Type: 0
  m_PreserveAspect: 0
  m_FillCenter: 1
  m_FillMethod: 4
  m_FillAmount: 1
  m_FillClockwise: 1
  m_FillOrigin: 0
--- !u!222 &876067263
CanvasRenderer:
  m_ObjectHideFlags: 0
  m_PrefabParentObject: {fileID: 222841019571340468, guid: 7d0bcfe5ecdb4e04a8dfabfc0bd1c32d,
    type: 2}
  m_PrefabInternal: {fileID: 1530233632}
  m_GameObject: {fileID: 876067260}
--- !u!1 &904180891
GameObject:
  m_ObjectHideFlags: 0
  m_PrefabParentObject: {fileID: 1735259813805408, guid: 7d0bcfe5ecdb4e04a8dfabfc0bd1c32d,
    type: 2}
  m_PrefabInternal: {fileID: 1530233632}
  serializedVersion: 5
  m_Component:
  - component: {fileID: 904180892}
  - component: {fileID: 904180894}
  - component: {fileID: 904180893}
  m_Layer: 5
  m_Name: Touch16
  m_TagString: Untagged
  m_Icon: {fileID: 0}
  m_NavMeshLayer: 0
  m_StaticEditorFlags: 0
  m_IsActive: 0
--- !u!224 &904180892
RectTransform:
  m_ObjectHideFlags: 0
  m_PrefabParentObject: {fileID: 224395192700585074, guid: 7d0bcfe5ecdb4e04a8dfabfc0bd1c32d,
    type: 2}
  m_PrefabInternal: {fileID: 1530233632}
  m_GameObject: {fileID: 904180891}
  m_LocalRotation: {x: -0, y: -0, z: -0, w: 1}
  m_LocalPosition: {x: 0, y: 0, z: 0}
  m_LocalScale: {x: 0, y: 0, z: 0}
  m_Children: []
  m_Father: {fileID: 532678950}
  m_RootOrder: 15
  m_LocalEulerAnglesHint: {x: 0, y: 0, z: 0}
  m_AnchorMin: {x: 0.5, y: 0.5}
  m_AnchorMax: {x: 0.5, y: 0.5}
  m_AnchoredPosition: {x: 0, y: 0}
  m_SizeDelta: {x: 20, y: 20}
  m_Pivot: {x: 0.5, y: 0.5}
--- !u!114 &904180893
MonoBehaviour:
  m_ObjectHideFlags: 0
  m_PrefabParentObject: {fileID: 114900185808978318, guid: 7d0bcfe5ecdb4e04a8dfabfc0bd1c32d,
    type: 2}
  m_PrefabInternal: {fileID: 1530233632}
  m_GameObject: {fileID: 904180891}
  m_Enabled: 1
  m_EditorHideFlags: 0
  m_Script: {fileID: -765806418, guid: f5f67c52d1564df4a8936ccd202a3bd8, type: 3}
  m_Name: 
  m_EditorClassIdentifier: 
  m_Material: {fileID: 0}
  m_Color: {r: 1, g: 1, b: 1, a: 1}
  m_RaycastTarget: 0
  m_OnCullStateChanged:
    m_PersistentCalls:
      m_Calls: []
    m_TypeName: UnityEngine.UI.MaskableGraphic+CullStateChangedEvent, UnityEngine.UI,
      Version=1.0.0.0, Culture=neutral, PublicKeyToken=null
  m_Sprite: {fileID: 10913, guid: 0000000000000000f000000000000000, type: 0}
  m_Type: 0
  m_PreserveAspect: 0
  m_FillCenter: 1
  m_FillMethod: 4
  m_FillAmount: 1
  m_FillClockwise: 1
  m_FillOrigin: 0
--- !u!222 &904180894
CanvasRenderer:
  m_ObjectHideFlags: 0
  m_PrefabParentObject: {fileID: 222880520083963622, guid: 7d0bcfe5ecdb4e04a8dfabfc0bd1c32d,
    type: 2}
  m_PrefabInternal: {fileID: 1530233632}
  m_GameObject: {fileID: 904180891}
--- !u!1 &959738054
GameObject:
  m_ObjectHideFlags: 0
  m_PrefabParentObject: {fileID: 1634793041870432, guid: 7d0bcfe5ecdb4e04a8dfabfc0bd1c32d,
    type: 2}
  m_PrefabInternal: {fileID: 1530233632}
  serializedVersion: 5
  m_Component:
  - component: {fileID: 959738055}
  - component: {fileID: 959738057}
  - component: {fileID: 959738056}
  m_Layer: 5
  m_Name: Touch12
  m_TagString: Untagged
  m_Icon: {fileID: 0}
  m_NavMeshLayer: 0
  m_StaticEditorFlags: 0
  m_IsActive: 0
--- !u!224 &959738055
RectTransform:
  m_ObjectHideFlags: 0
  m_PrefabParentObject: {fileID: 224864707059634480, guid: 7d0bcfe5ecdb4e04a8dfabfc0bd1c32d,
    type: 2}
  m_PrefabInternal: {fileID: 1530233632}
  m_GameObject: {fileID: 959738054}
  m_LocalRotation: {x: -0, y: -0, z: -0, w: 1}
  m_LocalPosition: {x: 0, y: 0, z: 0}
  m_LocalScale: {x: 0, y: 0, z: 0}
  m_Children: []
  m_Father: {fileID: 532678950}
  m_RootOrder: 11
  m_LocalEulerAnglesHint: {x: 0, y: 0, z: 0}
  m_AnchorMin: {x: 0.5, y: 0.5}
  m_AnchorMax: {x: 0.5, y: 0.5}
  m_AnchoredPosition: {x: 0, y: 0}
  m_SizeDelta: {x: 20, y: 20}
  m_Pivot: {x: 0.5, y: 0.5}
--- !u!114 &959738056
MonoBehaviour:
  m_ObjectHideFlags: 0
  m_PrefabParentObject: {fileID: 114948128054848802, guid: 7d0bcfe5ecdb4e04a8dfabfc0bd1c32d,
    type: 2}
  m_PrefabInternal: {fileID: 1530233632}
  m_GameObject: {fileID: 959738054}
  m_Enabled: 1
  m_EditorHideFlags: 0
  m_Script: {fileID: -765806418, guid: f5f67c52d1564df4a8936ccd202a3bd8, type: 3}
  m_Name: 
  m_EditorClassIdentifier: 
  m_Material: {fileID: 0}
  m_Color: {r: 1, g: 1, b: 1, a: 1}
  m_RaycastTarget: 0
  m_OnCullStateChanged:
    m_PersistentCalls:
      m_Calls: []
    m_TypeName: UnityEngine.UI.MaskableGraphic+CullStateChangedEvent, UnityEngine.UI,
      Version=1.0.0.0, Culture=neutral, PublicKeyToken=null
  m_Sprite: {fileID: 10913, guid: 0000000000000000f000000000000000, type: 0}
  m_Type: 0
  m_PreserveAspect: 0
  m_FillCenter: 1
  m_FillMethod: 4
  m_FillAmount: 1
  m_FillClockwise: 1
  m_FillOrigin: 0
--- !u!222 &959738057
CanvasRenderer:
  m_ObjectHideFlags: 0
  m_PrefabParentObject: {fileID: 222679817156465054, guid: 7d0bcfe5ecdb4e04a8dfabfc0bd1c32d,
    type: 2}
  m_PrefabInternal: {fileID: 1530233632}
  m_GameObject: {fileID: 959738054}
--- !u!1 &1008144834
GameObject:
  m_ObjectHideFlags: 0
  m_PrefabParentObject: {fileID: 1633859190892260, guid: 7d0bcfe5ecdb4e04a8dfabfc0bd1c32d,
    type: 2}
  m_PrefabInternal: {fileID: 1530233632}
  serializedVersion: 5
  m_Component:
  - component: {fileID: 1008144835}
  - component: {fileID: 1008144837}
  - component: {fileID: 1008144836}
  m_Layer: 5
  m_Name: Touch15
  m_TagString: Untagged
  m_Icon: {fileID: 0}
  m_NavMeshLayer: 0
  m_StaticEditorFlags: 0
  m_IsActive: 0
--- !u!224 &1008144835
RectTransform:
  m_ObjectHideFlags: 0
  m_PrefabParentObject: {fileID: 224813212081914186, guid: 7d0bcfe5ecdb4e04a8dfabfc0bd1c32d,
    type: 2}
  m_PrefabInternal: {fileID: 1530233632}
  m_GameObject: {fileID: 1008144834}
  m_LocalRotation: {x: -0, y: -0, z: -0, w: 1}
  m_LocalPosition: {x: 0, y: 0, z: 0}
  m_LocalScale: {x: 0, y: 0, z: 0}
  m_Children: []
  m_Father: {fileID: 532678950}
  m_RootOrder: 14
  m_LocalEulerAnglesHint: {x: 0, y: 0, z: 0}
  m_AnchorMin: {x: 0.5, y: 0.5}
  m_AnchorMax: {x: 0.5, y: 0.5}
  m_AnchoredPosition: {x: 0, y: 0}
  m_SizeDelta: {x: 20, y: 20}
  m_Pivot: {x: 0.5, y: 0.5}
--- !u!114 &1008144836
MonoBehaviour:
  m_ObjectHideFlags: 0
  m_PrefabParentObject: {fileID: 114539953893720078, guid: 7d0bcfe5ecdb4e04a8dfabfc0bd1c32d,
    type: 2}
  m_PrefabInternal: {fileID: 1530233632}
  m_GameObject: {fileID: 1008144834}
  m_Enabled: 1
  m_EditorHideFlags: 0
  m_Script: {fileID: -765806418, guid: f5f67c52d1564df4a8936ccd202a3bd8, type: 3}
  m_Name: 
  m_EditorClassIdentifier: 
  m_Material: {fileID: 0}
  m_Color: {r: 1, g: 1, b: 1, a: 1}
  m_RaycastTarget: 0
  m_OnCullStateChanged:
    m_PersistentCalls:
      m_Calls: []
    m_TypeName: UnityEngine.UI.MaskableGraphic+CullStateChangedEvent, UnityEngine.UI,
      Version=1.0.0.0, Culture=neutral, PublicKeyToken=null
  m_Sprite: {fileID: 10913, guid: 0000000000000000f000000000000000, type: 0}
  m_Type: 0
  m_PreserveAspect: 0
  m_FillCenter: 1
  m_FillMethod: 4
  m_FillAmount: 1
  m_FillClockwise: 1
  m_FillOrigin: 0
--- !u!222 &1008144837
CanvasRenderer:
  m_ObjectHideFlags: 0
  m_PrefabParentObject: {fileID: 222152134740202132, guid: 7d0bcfe5ecdb4e04a8dfabfc0bd1c32d,
    type: 2}
  m_PrefabInternal: {fileID: 1530233632}
  m_GameObject: {fileID: 1008144834}
--- !u!1 &1025557336
GameObject:
  m_ObjectHideFlags: 0
  m_PrefabParentObject: {fileID: 0}
  m_PrefabInternal: {fileID: 0}
  serializedVersion: 5
  m_Component:
  - component: {fileID: 1025557337}
  - component: {fileID: 1025557339}
  - component: {fileID: 1025557338}
  m_Layer: 0
  m_Name: EventSystem
  m_TagString: Untagged
  m_Icon: {fileID: 0}
  m_NavMeshLayer: 0
  m_StaticEditorFlags: 0
  m_IsActive: 1
--- !u!4 &1025557337
Transform:
  m_ObjectHideFlags: 0
  m_PrefabParentObject: {fileID: 0}
  m_PrefabInternal: {fileID: 0}
  m_GameObject: {fileID: 1025557336}
  m_LocalRotation: {x: -0, y: -0, z: -0, w: 1}
  m_LocalPosition: {x: -567, y: -336.5, z: 0}
  m_LocalScale: {x: 1, y: 1, z: 1}
  m_Children: []
  m_Father: {fileID: 1221232493}
  m_RootOrder: 0
  m_LocalEulerAnglesHint: {x: 0, y: 0, z: 0}
--- !u!114 &1025557338
MonoBehaviour:
  m_ObjectHideFlags: 0
  m_PrefabParentObject: {fileID: 0}
  m_PrefabInternal: {fileID: 0}
  m_GameObject: {fileID: 1025557336}
  m_Enabled: 1
  m_EditorHideFlags: 0
  m_Script: {fileID: 1077351063, guid: f70555f144d8491a825f0804e09c671c, type: 3}
  m_Name: 
  m_EditorClassIdentifier: 
  m_HorizontalAxis: Horizontal
  m_VerticalAxis: Vertical
  m_SubmitButton: Submit
  m_CancelButton: Cancel
  m_InputActionsPerSecond: 10
  m_RepeatDelay: 0.5
  m_ForceModuleActive: 0
--- !u!114 &1025557339
MonoBehaviour:
  m_ObjectHideFlags: 0
  m_PrefabParentObject: {fileID: 0}
  m_PrefabInternal: {fileID: 0}
  m_GameObject: {fileID: 1025557336}
  m_Enabled: 1
  m_EditorHideFlags: 0
  m_Script: {fileID: -619905303, guid: f70555f144d8491a825f0804e09c671c, type: 3}
  m_Name: 
  m_EditorClassIdentifier: 
  m_FirstSelected: {fileID: 0}
  m_sendNavigationEvents: 1
  m_DragThreshold: 5
--- !u!1 &1026162467
GameObject:
  m_ObjectHideFlags: 0
  m_PrefabParentObject: {fileID: 1900670695115984, guid: 7d0bcfe5ecdb4e04a8dfabfc0bd1c32d,
    type: 2}
  m_PrefabInternal: {fileID: 1530233632}
  serializedVersion: 5
  m_Component:
  - component: {fileID: 1026162468}
  - component: {fileID: 1026162470}
  - component: {fileID: 1026162469}
  m_Layer: 5
  m_Name: Touch11
  m_TagString: Untagged
  m_Icon: {fileID: 0}
  m_NavMeshLayer: 0
  m_StaticEditorFlags: 0
  m_IsActive: 0
--- !u!224 &1026162468
RectTransform:
  m_ObjectHideFlags: 0
  m_PrefabParentObject: {fileID: 224634559840237482, guid: 7d0bcfe5ecdb4e04a8dfabfc0bd1c32d,
    type: 2}
  m_PrefabInternal: {fileID: 1530233632}
  m_GameObject: {fileID: 1026162467}
  m_LocalRotation: {x: -0, y: -0, z: -0, w: 1}
  m_LocalPosition: {x: 0, y: 0, z: 0}
  m_LocalScale: {x: 0, y: 0, z: 0}
  m_Children: []
  m_Father: {fileID: 532678950}
  m_RootOrder: 10
  m_LocalEulerAnglesHint: {x: 0, y: 0, z: 0}
  m_AnchorMin: {x: 0.5, y: 0.5}
  m_AnchorMax: {x: 0.5, y: 0.5}
  m_AnchoredPosition: {x: 0, y: 0}
  m_SizeDelta: {x: 20, y: 20}
  m_Pivot: {x: 0.5, y: 0.5}
--- !u!114 &1026162469
MonoBehaviour:
  m_ObjectHideFlags: 0
  m_PrefabParentObject: {fileID: 114787634449058054, guid: 7d0bcfe5ecdb4e04a8dfabfc0bd1c32d,
    type: 2}
  m_PrefabInternal: {fileID: 1530233632}
  m_GameObject: {fileID: 1026162467}
  m_Enabled: 1
  m_EditorHideFlags: 0
  m_Script: {fileID: -765806418, guid: f5f67c52d1564df4a8936ccd202a3bd8, type: 3}
  m_Name: 
  m_EditorClassIdentifier: 
  m_Material: {fileID: 0}
  m_Color: {r: 1, g: 1, b: 1, a: 1}
  m_RaycastTarget: 0
  m_OnCullStateChanged:
    m_PersistentCalls:
      m_Calls: []
    m_TypeName: UnityEngine.UI.MaskableGraphic+CullStateChangedEvent, UnityEngine.UI,
      Version=1.0.0.0, Culture=neutral, PublicKeyToken=null
  m_Sprite: {fileID: 10913, guid: 0000000000000000f000000000000000, type: 0}
  m_Type: 0
  m_PreserveAspect: 0
  m_FillCenter: 1
  m_FillMethod: 4
  m_FillAmount: 1
  m_FillClockwise: 1
  m_FillOrigin: 0
--- !u!222 &1026162470
CanvasRenderer:
  m_ObjectHideFlags: 0
  m_PrefabParentObject: {fileID: 222777731090822376, guid: 7d0bcfe5ecdb4e04a8dfabfc0bd1c32d,
    type: 2}
  m_PrefabInternal: {fileID: 1530233632}
  m_GameObject: {fileID: 1026162467}
--- !u!1 &1191020092
GameObject:
  m_ObjectHideFlags: 0
  m_PrefabParentObject: {fileID: 1813996163489844, guid: 7d0bcfe5ecdb4e04a8dfabfc0bd1c32d,
    type: 2}
  m_PrefabInternal: {fileID: 1530233632}
  serializedVersion: 5
  m_Component:
  - component: {fileID: 1191020093}
  - component: {fileID: 1191020095}
  - component: {fileID: 1191020094}
  m_Layer: 5
  m_Name: Touch24
  m_TagString: Untagged
  m_Icon: {fileID: 0}
  m_NavMeshLayer: 0
  m_StaticEditorFlags: 0
  m_IsActive: 0
--- !u!224 &1191020093
RectTransform:
  m_ObjectHideFlags: 0
  m_PrefabParentObject: {fileID: 224252314011084142, guid: 7d0bcfe5ecdb4e04a8dfabfc0bd1c32d,
    type: 2}
  m_PrefabInternal: {fileID: 1530233632}
  m_GameObject: {fileID: 1191020092}
  m_LocalRotation: {x: -0, y: -0, z: -0, w: 1}
  m_LocalPosition: {x: 0, y: 0, z: 0}
  m_LocalScale: {x: 0, y: 0, z: 0}
  m_Children: []
  m_Father: {fileID: 532678950}
  m_RootOrder: 23
  m_LocalEulerAnglesHint: {x: 0, y: 0, z: 0}
  m_AnchorMin: {x: 0.5, y: 0.5}
  m_AnchorMax: {x: 0.5, y: 0.5}
  m_AnchoredPosition: {x: 0, y: 0}
  m_SizeDelta: {x: 20, y: 20}
  m_Pivot: {x: 0.5, y: 0.5}
--- !u!114 &1191020094
MonoBehaviour:
  m_ObjectHideFlags: 0
  m_PrefabParentObject: {fileID: 114640355163962260, guid: 7d0bcfe5ecdb4e04a8dfabfc0bd1c32d,
    type: 2}
  m_PrefabInternal: {fileID: 1530233632}
  m_GameObject: {fileID: 1191020092}
  m_Enabled: 1
  m_EditorHideFlags: 0
  m_Script: {fileID: -765806418, guid: f5f67c52d1564df4a8936ccd202a3bd8, type: 3}
  m_Name: 
  m_EditorClassIdentifier: 
  m_Material: {fileID: 0}
  m_Color: {r: 1, g: 1, b: 1, a: 1}
  m_RaycastTarget: 0
  m_OnCullStateChanged:
    m_PersistentCalls:
      m_Calls: []
    m_TypeName: UnityEngine.UI.MaskableGraphic+CullStateChangedEvent, UnityEngine.UI,
      Version=1.0.0.0, Culture=neutral, PublicKeyToken=null
  m_Sprite: {fileID: 10913, guid: 0000000000000000f000000000000000, type: 0}
  m_Type: 0
  m_PreserveAspect: 0
  m_FillCenter: 1
  m_FillMethod: 4
  m_FillAmount: 1
  m_FillClockwise: 1
  m_FillOrigin: 0
--- !u!222 &1191020095
CanvasRenderer:
  m_ObjectHideFlags: 0
  m_PrefabParentObject: {fileID: 222222261845418462, guid: 7d0bcfe5ecdb4e04a8dfabfc0bd1c32d,
    type: 2}
  m_PrefabInternal: {fileID: 1530233632}
  m_GameObject: {fileID: 1191020092}
--- !u!1 &1221232489
GameObject:
  m_ObjectHideFlags: 0
  m_PrefabParentObject: {fileID: 0}
  m_PrefabInternal: {fileID: 0}
  serializedVersion: 5
  m_Component:
  - component: {fileID: 1221232493}
  - component: {fileID: 1221232492}
  - component: {fileID: 1221232491}
  - component: {fileID: 1221232490}
  m_Layer: 0
  m_Name: Canvas
  m_TagString: Untagged
  m_Icon: {fileID: 0}
  m_NavMeshLayer: 0
  m_StaticEditorFlags: 0
  m_IsActive: 1
--- !u!114 &1221232490
MonoBehaviour:
  m_ObjectHideFlags: 0
  m_PrefabParentObject: {fileID: 0}
  m_PrefabInternal: {fileID: 0}
  m_GameObject: {fileID: 1221232489}
  m_Enabled: 1
  m_EditorHideFlags: 0
  m_Script: {fileID: 1301386320, guid: f70555f144d8491a825f0804e09c671c, type: 3}
  m_Name: 
  m_EditorClassIdentifier: 
  m_IgnoreReversedGraphics: 1
  m_BlockingObjects: 0
  m_BlockingMask:
    serializedVersion: 2
    m_Bits: 4294967295
--- !u!114 &1221232491
MonoBehaviour:
  m_ObjectHideFlags: 0
  m_PrefabParentObject: {fileID: 0}
  m_PrefabInternal: {fileID: 0}
  m_GameObject: {fileID: 1221232489}
  m_Enabled: 1
  m_EditorHideFlags: 0
  m_Script: {fileID: 1980459831, guid: f70555f144d8491a825f0804e09c671c, type: 3}
  m_Name: 
  m_EditorClassIdentifier: 
  m_UiScaleMode: 1
  m_ReferencePixelsPerUnit: 100
  m_ScaleFactor: 1
  m_ReferenceResolution: {x: 800, y: 600}
  m_ScreenMatchMode: 0
  m_MatchWidthOrHeight: 0
  m_PhysicalUnit: 3
  m_FallbackScreenDPI: 96
  m_DefaultSpriteDPI: 96
  m_DynamicPixelsPerUnit: 1
--- !u!223 &1221232492
Canvas:
  m_ObjectHideFlags: 0
  m_PrefabParentObject: {fileID: 0}
  m_PrefabInternal: {fileID: 0}
  m_GameObject: {fileID: 1221232489}
  m_Enabled: 1
  serializedVersion: 3
  m_RenderMode: 0
  m_Camera: {fileID: 0}
  m_PlaneDistance: 100
  m_PixelPerfect: 0
  m_ReceivesEvents: 1
  m_OverrideSorting: 0
  m_OverridePixelPerfect: 0
  m_SortingBucketNormalizedSize: 0
  m_AdditionalShaderChannelsFlag: 0
  m_SortingLayerID: 0
  m_SortingOrder: 0
  m_TargetDisplay: 0
--- !u!224 &1221232493
RectTransform:
  m_ObjectHideFlags: 0
  m_PrefabParentObject: {fileID: 0}
  m_PrefabInternal: {fileID: 0}
  m_GameObject: {fileID: 1221232489}
  m_LocalRotation: {x: 0, y: 0, z: 0, w: 1}
  m_LocalPosition: {x: 0, y: 0, z: 0}
  m_LocalScale: {x: 0, y: 0, z: 0}
  m_Children:
  - {fileID: 1025557337}
  - {fileID: 1254020824}
  m_Father: {fileID: 0}
  m_RootOrder: 4
  m_LocalEulerAnglesHint: {x: 0, y: 0, z: 0}
  m_AnchorMin: {x: 0, y: 0}
  m_AnchorMax: {x: 0, y: 0}
  m_AnchoredPosition: {x: 0, y: 0}
  m_SizeDelta: {x: 0, y: 0}
  m_Pivot: {x: 0, y: 0}
--- !u!1 &1254020823
GameObject:
  m_ObjectHideFlags: 0
  m_PrefabParentObject: {fileID: 0}
  m_PrefabInternal: {fileID: 0}
  serializedVersion: 5
  m_Component:
  - component: {fileID: 1254020824}
  - component: {fileID: 1254020826}
  - component: {fileID: 1254020825}
  m_Layer: 0
  m_Name: Text
  m_TagString: Untagged
  m_Icon: {fileID: 0}
  m_NavMeshLayer: 0
  m_StaticEditorFlags: 0
  m_IsActive: 1
--- !u!224 &1254020824
RectTransform:
  m_ObjectHideFlags: 0
  m_PrefabParentObject: {fileID: 0}
  m_PrefabInternal: {fileID: 0}
  m_GameObject: {fileID: 1254020823}
  m_LocalRotation: {x: -0, y: -0, z: -0, w: 1}
  m_LocalPosition: {x: 0, y: 0, z: 0}
  m_LocalScale: {x: 1.3333334, y: 1.3333334, z: 1.3333334}
  m_Children: []
  m_Father: {fileID: 1221232493}
  m_RootOrder: 1
  m_LocalEulerAnglesHint: {x: 0, y: 0, z: 0}
  m_AnchorMin: {x: 0, y: 1}
  m_AnchorMax: {x: 1, y: 1}
  m_AnchoredPosition: {x: 0, y: -30}
  m_SizeDelta: {x: 0, y: 60}
  m_Pivot: {x: 0.5, y: 0.5}
--- !u!114 &1254020825
MonoBehaviour:
  m_ObjectHideFlags: 0
  m_PrefabParentObject: {fileID: 0}
  m_PrefabInternal: {fileID: 0}
  m_GameObject: {fileID: 1254020823}
  m_Enabled: 1
  m_EditorHideFlags: 0
  m_Script: {fileID: 708705254, guid: f70555f144d8491a825f0804e09c671c, type: 3}
  m_Name: 
  m_EditorClassIdentifier: 
  m_Material: {fileID: 0}
  m_Color: {r: 1, g: 1, b: 1, a: 1}
  m_RaycastTarget: 1
  m_OnCullStateChanged:
    m_PersistentCalls:
      m_Calls: []
    m_TypeName: UnityEngine.UI.MaskableGraphic+CullStateChangedEvent, UnityEngine.UI,
      Version=1.0.0.0, Culture=neutral, PublicKeyToken=null
  m_FontData:
    m_Font: {fileID: 10102, guid: 0000000000000000e000000000000000, type: 0}
    m_FontSize: 14
    m_FontStyle: 0
    m_BestFit: 0
    m_MinSize: 10
    m_MaxSize: 40
    m_Alignment: 4
    m_AlignByGeometry: 0
    m_RichText: 1
    m_HorizontalOverflow: 0
    m_VerticalOverflow: 0
    m_LineSpacing: 1
  m_Text: Long tap and hold to grab, then drag around and release.
--- !u!222 &1254020826
CanvasRenderer:
  m_ObjectHideFlags: 0
  m_PrefabParentObject: {fileID: 0}
  m_PrefabInternal: {fileID: 0}
  m_GameObject: {fileID: 1254020823}
--- !u!1 &1284042216
GameObject:
  m_ObjectHideFlags: 0
  m_PrefabParentObject: {fileID: 1000013210075272, guid: 7d0bcfe5ecdb4e04a8dfabfc0bd1c32d,
    type: 2}
  m_PrefabInternal: {fileID: 1530233632}
  serializedVersion: 5
  m_Component:
  - component: {fileID: 1284042217}
  - component: {fileID: 1284042219}
  - component: {fileID: 1284042218}
  m_Layer: 5
  m_Name: Touch3
  m_TagString: Untagged
  m_Icon: {fileID: 0}
  m_NavMeshLayer: 0
  m_StaticEditorFlags: 0
  m_IsActive: 0
--- !u!224 &1284042217
RectTransform:
  m_ObjectHideFlags: 0
  m_PrefabParentObject: {fileID: 224000012899775412, guid: 7d0bcfe5ecdb4e04a8dfabfc0bd1c32d,
    type: 2}
  m_PrefabInternal: {fileID: 1530233632}
  m_GameObject: {fileID: 1284042216}
  m_LocalRotation: {x: 0, y: 0, z: 0, w: 1}
  m_LocalPosition: {x: 0, y: 0, z: 0}
  m_LocalScale: {x: 1, y: 1, z: 1}
  m_Children: []
  m_Father: {fileID: 532678950}
  m_RootOrder: 2
  m_LocalEulerAnglesHint: {x: 0, y: 0, z: 0}
  m_AnchorMin: {x: 0.5, y: 0.5}
  m_AnchorMax: {x: 0.5, y: 0.5}
  m_AnchoredPosition: {x: 0, y: 0}
  m_SizeDelta: {x: 20, y: 20}
  m_Pivot: {x: 0.5, y: 0.5}
--- !u!114 &1284042218
MonoBehaviour:
  m_ObjectHideFlags: 0
  m_PrefabParentObject: {fileID: 114000010648901398, guid: 7d0bcfe5ecdb4e04a8dfabfc0bd1c32d,
    type: 2}
  m_PrefabInternal: {fileID: 1530233632}
  m_GameObject: {fileID: 1284042216}
  m_Enabled: 1
  m_EditorHideFlags: 0
  m_Script: {fileID: -765806418, guid: f5f67c52d1564df4a8936ccd202a3bd8, type: 3}
  m_Name: 
  m_EditorClassIdentifier: 
  m_Material: {fileID: 0}
  m_Color: {r: 1, g: 1, b: 1, a: 1}
  m_RaycastTarget: 0
  m_OnCullStateChanged:
    m_PersistentCalls:
      m_Calls: []
    m_TypeName: UnityEngine.UI.MaskableGraphic+CullStateChangedEvent, UnityEngine.UI,
      Version=1.0.0.0, Culture=neutral, PublicKeyToken=null
  m_Sprite: {fileID: 10913, guid: 0000000000000000f000000000000000, type: 0}
  m_Type: 0
  m_PreserveAspect: 0
  m_FillCenter: 1
  m_FillMethod: 4
  m_FillAmount: 1
  m_FillClockwise: 1
  m_FillOrigin: 0
--- !u!222 &1284042219
CanvasRenderer:
  m_ObjectHideFlags: 0
  m_PrefabParentObject: {fileID: 222000013166714808, guid: 7d0bcfe5ecdb4e04a8dfabfc0bd1c32d,
    type: 2}
  m_PrefabInternal: {fileID: 1530233632}
  m_GameObject: {fileID: 1284042216}
--- !u!1 &1407820418
GameObject:
  m_ObjectHideFlags: 0
  m_PrefabParentObject: {fileID: 1292691093323248, guid: 7d0bcfe5ecdb4e04a8dfabfc0bd1c32d,
    type: 2}
  m_PrefabInternal: {fileID: 1530233632}
  serializedVersion: 5
  m_Component:
  - component: {fileID: 1407820419}
  - component: {fileID: 1407820421}
  - component: {fileID: 1407820420}
  m_Layer: 5
  m_Name: Touch22
  m_TagString: Untagged
  m_Icon: {fileID: 0}
  m_NavMeshLayer: 0
  m_StaticEditorFlags: 0
  m_IsActive: 0
--- !u!224 &1407820419
RectTransform:
  m_ObjectHideFlags: 0
  m_PrefabParentObject: {fileID: 224165094899444448, guid: 7d0bcfe5ecdb4e04a8dfabfc0bd1c32d,
    type: 2}
  m_PrefabInternal: {fileID: 1530233632}
  m_GameObject: {fileID: 1407820418}
  m_LocalRotation: {x: -0, y: -0, z: -0, w: 1}
  m_LocalPosition: {x: 0, y: 0, z: 0}
  m_LocalScale: {x: 0, y: 0, z: 0}
  m_Children: []
  m_Father: {fileID: 532678950}
  m_RootOrder: 21
  m_LocalEulerAnglesHint: {x: 0, y: 0, z: 0}
  m_AnchorMin: {x: 0.5, y: 0.5}
  m_AnchorMax: {x: 0.5, y: 0.5}
  m_AnchoredPosition: {x: 0, y: 0}
  m_SizeDelta: {x: 20, y: 20}
  m_Pivot: {x: 0.5, y: 0.5}
--- !u!114 &1407820420
MonoBehaviour:
  m_ObjectHideFlags: 0
  m_PrefabParentObject: {fileID: 114322013244549334, guid: 7d0bcfe5ecdb4e04a8dfabfc0bd1c32d,
    type: 2}
  m_PrefabInternal: {fileID: 1530233632}
  m_GameObject: {fileID: 1407820418}
  m_Enabled: 1
  m_EditorHideFlags: 0
  m_Script: {fileID: -765806418, guid: f5f67c52d1564df4a8936ccd202a3bd8, type: 3}
  m_Name: 
  m_EditorClassIdentifier: 
  m_Material: {fileID: 0}
  m_Color: {r: 1, g: 1, b: 1, a: 1}
  m_RaycastTarget: 0
  m_OnCullStateChanged:
    m_PersistentCalls:
      m_Calls: []
    m_TypeName: UnityEngine.UI.MaskableGraphic+CullStateChangedEvent, UnityEngine.UI,
      Version=1.0.0.0, Culture=neutral, PublicKeyToken=null
  m_Sprite: {fileID: 10913, guid: 0000000000000000f000000000000000, type: 0}
  m_Type: 0
  m_PreserveAspect: 0
  m_FillCenter: 1
  m_FillMethod: 4
  m_FillAmount: 1
  m_FillClockwise: 1
  m_FillOrigin: 0
--- !u!222 &1407820421
CanvasRenderer:
  m_ObjectHideFlags: 0
  m_PrefabParentObject: {fileID: 222746278659678916, guid: 7d0bcfe5ecdb4e04a8dfabfc0bd1c32d,
    type: 2}
  m_PrefabInternal: {fileID: 1530233632}
  m_GameObject: {fileID: 1407820418}
--- !u!1 &1428644037
GameObject:
  m_ObjectHideFlags: 0
  m_PrefabParentObject: {fileID: 1914811874445102, guid: 7d0bcfe5ecdb4e04a8dfabfc0bd1c32d,
    type: 2}
  m_PrefabInternal: {fileID: 1530233632}
  serializedVersion: 5
  m_Component:
  - component: {fileID: 1428644038}
  - component: {fileID: 1428644040}
  - component: {fileID: 1428644039}
  m_Layer: 5
  m_Name: Touch30
  m_TagString: Untagged
  m_Icon: {fileID: 0}
  m_NavMeshLayer: 0
  m_StaticEditorFlags: 0
  m_IsActive: 0
--- !u!224 &1428644038
RectTransform:
  m_ObjectHideFlags: 0
  m_PrefabParentObject: {fileID: 224369661538095428, guid: 7d0bcfe5ecdb4e04a8dfabfc0bd1c32d,
    type: 2}
  m_PrefabInternal: {fileID: 1530233632}
  m_GameObject: {fileID: 1428644037}
  m_LocalRotation: {x: -0, y: -0, z: -0, w: 1}
  m_LocalPosition: {x: 0, y: 0, z: 0}
  m_LocalScale: {x: 0, y: 0, z: 0}
  m_Children: []
  m_Father: {fileID: 532678950}
  m_RootOrder: 29
  m_LocalEulerAnglesHint: {x: 0, y: 0, z: 0}
  m_AnchorMin: {x: 0.5, y: 0.5}
  m_AnchorMax: {x: 0.5, y: 0.5}
  m_AnchoredPosition: {x: 0, y: 0}
  m_SizeDelta: {x: 20, y: 20}
  m_Pivot: {x: 0.5, y: 0.5}
--- !u!114 &1428644039
MonoBehaviour:
  m_ObjectHideFlags: 0
  m_PrefabParentObject: {fileID: 114090336624260732, guid: 7d0bcfe5ecdb4e04a8dfabfc0bd1c32d,
    type: 2}
  m_PrefabInternal: {fileID: 1530233632}
  m_GameObject: {fileID: 1428644037}
  m_Enabled: 1
  m_EditorHideFlags: 0
  m_Script: {fileID: -765806418, guid: f5f67c52d1564df4a8936ccd202a3bd8, type: 3}
  m_Name: 
  m_EditorClassIdentifier: 
  m_Material: {fileID: 0}
  m_Color: {r: 1, g: 1, b: 1, a: 1}
  m_RaycastTarget: 0
  m_OnCullStateChanged:
    m_PersistentCalls:
      m_Calls: []
    m_TypeName: UnityEngine.UI.MaskableGraphic+CullStateChangedEvent, UnityEngine.UI,
      Version=1.0.0.0, Culture=neutral, PublicKeyToken=null
  m_Sprite: {fileID: 10913, guid: 0000000000000000f000000000000000, type: 0}
  m_Type: 0
  m_PreserveAspect: 0
  m_FillCenter: 1
  m_FillMethod: 4
  m_FillAmount: 1
  m_FillClockwise: 1
  m_FillOrigin: 0
--- !u!222 &1428644040
CanvasRenderer:
  m_ObjectHideFlags: 0
  m_PrefabParentObject: {fileID: 222293302131846654, guid: 7d0bcfe5ecdb4e04a8dfabfc0bd1c32d,
    type: 2}
  m_PrefabInternal: {fileID: 1530233632}
  m_GameObject: {fileID: 1428644037}
--- !u!1 &1475873709
GameObject:
  m_ObjectHideFlags: 0
  m_PrefabParentObject: {fileID: 1000011762144310, guid: 7d0bcfe5ecdb4e04a8dfabfc0bd1c32d,
    type: 2}
  m_PrefabInternal: {fileID: 1530233632}
  serializedVersion: 5
  m_Component:
  - component: {fileID: 1475873710}
  - component: {fileID: 1475873712}
  - component: {fileID: 1475873711}
  m_Layer: 5
  m_Name: Touch6
  m_TagString: Untagged
  m_Icon: {fileID: 0}
  m_NavMeshLayer: 0
  m_StaticEditorFlags: 0
  m_IsActive: 0
--- !u!224 &1475873710
RectTransform:
  m_ObjectHideFlags: 0
  m_PrefabParentObject: {fileID: 224000011376059516, guid: 7d0bcfe5ecdb4e04a8dfabfc0bd1c32d,
    type: 2}
  m_PrefabInternal: {fileID: 1530233632}
  m_GameObject: {fileID: 1475873709}
  m_LocalRotation: {x: 0, y: 0, z: 0, w: 1}
  m_LocalPosition: {x: 0, y: 0, z: 0}
  m_LocalScale: {x: 1, y: 1, z: 1}
  m_Children: []
  m_Father: {fileID: 532678950}
  m_RootOrder: 5
  m_LocalEulerAnglesHint: {x: 0, y: 0, z: 0}
  m_AnchorMin: {x: 0.5, y: 0.5}
  m_AnchorMax: {x: 0.5, y: 0.5}
  m_AnchoredPosition: {x: 0, y: -0.000030517578}
  m_SizeDelta: {x: 20, y: 20}
  m_Pivot: {x: 0.5, y: 0.5}
--- !u!114 &1475873711
MonoBehaviour:
  m_ObjectHideFlags: 0
  m_PrefabParentObject: {fileID: 114000012094595942, guid: 7d0bcfe5ecdb4e04a8dfabfc0bd1c32d,
    type: 2}
  m_PrefabInternal: {fileID: 1530233632}
  m_GameObject: {fileID: 1475873709}
  m_Enabled: 1
  m_EditorHideFlags: 0
  m_Script: {fileID: -765806418, guid: f5f67c52d1564df4a8936ccd202a3bd8, type: 3}
  m_Name: 
  m_EditorClassIdentifier: 
  m_Material: {fileID: 0}
  m_Color: {r: 1, g: 1, b: 1, a: 1}
  m_RaycastTarget: 0
  m_OnCullStateChanged:
    m_PersistentCalls:
      m_Calls: []
    m_TypeName: UnityEngine.UI.MaskableGraphic+CullStateChangedEvent, UnityEngine.UI,
      Version=1.0.0.0, Culture=neutral, PublicKeyToken=null
  m_Sprite: {fileID: 10913, guid: 0000000000000000f000000000000000, type: 0}
  m_Type: 0
  m_PreserveAspect: 0
  m_FillCenter: 1
  m_FillMethod: 4
  m_FillAmount: 1
  m_FillClockwise: 1
  m_FillOrigin: 0
--- !u!222 &1475873712
CanvasRenderer:
  m_ObjectHideFlags: 0
  m_PrefabParentObject: {fileID: 222000011638891570, guid: 7d0bcfe5ecdb4e04a8dfabfc0bd1c32d,
    type: 2}
  m_PrefabInternal: {fileID: 1530233632}
  m_GameObject: {fileID: 1475873709}
--- !u!1001 &1530233632
Prefab:
  m_ObjectHideFlags: 0
  serializedVersion: 2
  m_Modification:
    m_TransformParent: {fileID: 0}
    m_Modifications:
    - target: {fileID: 4000012487907716, guid: 7d0bcfe5ecdb4e04a8dfabfc0bd1c32d, type: 2}
      propertyPath: m_LocalPosition.x
      value: 0
      objectReference: {fileID: 0}
    - target: {fileID: 4000012487907716, guid: 7d0bcfe5ecdb4e04a8dfabfc0bd1c32d, type: 2}
      propertyPath: m_LocalPosition.y
      value: 0
      objectReference: {fileID: 0}
    - target: {fileID: 4000012487907716, guid: 7d0bcfe5ecdb4e04a8dfabfc0bd1c32d, type: 2}
      propertyPath: m_LocalPosition.z
      value: 0
      objectReference: {fileID: 0}
    - target: {fileID: 4000012487907716, guid: 7d0bcfe5ecdb4e04a8dfabfc0bd1c32d, type: 2}
      propertyPath: m_LocalRotation.x
      value: 0
      objectReference: {fileID: 0}
    - target: {fileID: 4000012487907716, guid: 7d0bcfe5ecdb4e04a8dfabfc0bd1c32d, type: 2}
      propertyPath: m_LocalRotation.y
      value: 0
      objectReference: {fileID: 0}
    - target: {fileID: 4000012487907716, guid: 7d0bcfe5ecdb4e04a8dfabfc0bd1c32d, type: 2}
      propertyPath: m_LocalRotation.z
      value: 0
      objectReference: {fileID: 0}
    - target: {fileID: 4000012487907716, guid: 7d0bcfe5ecdb4e04a8dfabfc0bd1c32d, type: 2}
      propertyPath: m_LocalRotation.w
      value: 1
      objectReference: {fileID: 0}
    - target: {fileID: 4000012487907716, guid: 7d0bcfe5ecdb4e04a8dfabfc0bd1c32d, type: 2}
      propertyPath: m_RootOrder
      value: 3
      objectReference: {fileID: 0}
    - target: {fileID: 114000013960090368, guid: 7d0bcfe5ecdb4e04a8dfabfc0bd1c32d,
        type: 2}
      propertyPath: ShowTouches
      value: 1
      objectReference: {fileID: 0}
    m_RemovedComponents: []
  m_ParentPrefab: {fileID: 100100000, guid: 7d0bcfe5ecdb4e04a8dfabfc0bd1c32d, type: 2}
  m_RootGameObject: {fileID: 2035272832}
  m_IsPrefabParent: 0
--- !u!1 &1538929335
GameObject:
  m_ObjectHideFlags: 0
  m_PrefabParentObject: {fileID: 1000011353581076, guid: 7d0bcfe5ecdb4e04a8dfabfc0bd1c32d,
    type: 2}
  m_PrefabInternal: {fileID: 1530233632}
  serializedVersion: 5
  m_Component:
  - component: {fileID: 1538929336}
  - component: {fileID: 1538929338}
  - component: {fileID: 1538929337}
  m_Layer: 5
  m_Name: Touch2
  m_TagString: Untagged
  m_Icon: {fileID: 0}
  m_NavMeshLayer: 0
  m_StaticEditorFlags: 0
  m_IsActive: 0
--- !u!224 &1538929336
RectTransform:
  m_ObjectHideFlags: 0
  m_PrefabParentObject: {fileID: 224000011873980760, guid: 7d0bcfe5ecdb4e04a8dfabfc0bd1c32d,
    type: 2}
  m_PrefabInternal: {fileID: 1530233632}
  m_GameObject: {fileID: 1538929335}
  m_LocalRotation: {x: 0, y: 0, z: 0, w: 1}
  m_LocalPosition: {x: 0, y: 0, z: 0}
  m_LocalScale: {x: 1, y: 1, z: 1}
  m_Children: []
  m_Father: {fileID: 532678950}
  m_RootOrder: 1
  m_LocalEulerAnglesHint: {x: 0, y: 0, z: 0}
  m_AnchorMin: {x: 0.5, y: 0.5}
  m_AnchorMax: {x: 0.5, y: 0.5}
  m_AnchoredPosition: {x: 0, y: -0.000030517578}
  m_SizeDelta: {x: 20, y: 20}
  m_Pivot: {x: 0.5, y: 0.5}
--- !u!114 &1538929337
MonoBehaviour:
  m_ObjectHideFlags: 0
  m_PrefabParentObject: {fileID: 114000011206381842, guid: 7d0bcfe5ecdb4e04a8dfabfc0bd1c32d,
    type: 2}
  m_PrefabInternal: {fileID: 1530233632}
  m_GameObject: {fileID: 1538929335}
  m_Enabled: 1
  m_EditorHideFlags: 0
  m_Script: {fileID: -765806418, guid: f5f67c52d1564df4a8936ccd202a3bd8, type: 3}
  m_Name: 
  m_EditorClassIdentifier: 
  m_Material: {fileID: 0}
  m_Color: {r: 1, g: 1, b: 1, a: 1}
  m_RaycastTarget: 0
  m_OnCullStateChanged:
    m_PersistentCalls:
      m_Calls: []
    m_TypeName: UnityEngine.UI.MaskableGraphic+CullStateChangedEvent, UnityEngine.UI,
      Version=1.0.0.0, Culture=neutral, PublicKeyToken=null
  m_Sprite: {fileID: 10913, guid: 0000000000000000f000000000000000, type: 0}
  m_Type: 0
  m_PreserveAspect: 0
  m_FillCenter: 1
  m_FillMethod: 4
  m_FillAmount: 1
  m_FillClockwise: 1
  m_FillOrigin: 0
--- !u!222 &1538929338
CanvasRenderer:
  m_ObjectHideFlags: 0
  m_PrefabParentObject: {fileID: 222000011349433140, guid: 7d0bcfe5ecdb4e04a8dfabfc0bd1c32d,
    type: 2}
  m_PrefabInternal: {fileID: 1530233632}
  m_GameObject: {fileID: 1538929335}
--- !u!1 &1648744679
GameObject:
  m_ObjectHideFlags: 0
  m_PrefabParentObject: {fileID: 1913129423762184, guid: 7d0bcfe5ecdb4e04a8dfabfc0bd1c32d,
    type: 2}
  m_PrefabInternal: {fileID: 1530233632}
  serializedVersion: 5
  m_Component:
  - component: {fileID: 1648744680}
  - component: {fileID: 1648744682}
  - component: {fileID: 1648744681}
  m_Layer: 5
  m_Name: Touch29
  m_TagString: Untagged
  m_Icon: {fileID: 0}
  m_NavMeshLayer: 0
  m_StaticEditorFlags: 0
  m_IsActive: 0
--- !u!224 &1648744680
RectTransform:
  m_ObjectHideFlags: 0
  m_PrefabParentObject: {fileID: 224843288848876054, guid: 7d0bcfe5ecdb4e04a8dfabfc0bd1c32d,
    type: 2}
  m_PrefabInternal: {fileID: 1530233632}
  m_GameObject: {fileID: 1648744679}
  m_LocalRotation: {x: -0, y: -0, z: -0, w: 1}
  m_LocalPosition: {x: 0, y: 0, z: 0}
  m_LocalScale: {x: 0, y: 0, z: 0}
  m_Children: []
  m_Father: {fileID: 532678950}
  m_RootOrder: 28
  m_LocalEulerAnglesHint: {x: 0, y: 0, z: 0}
  m_AnchorMin: {x: 0.5, y: 0.5}
  m_AnchorMax: {x: 0.5, y: 0.5}
  m_AnchoredPosition: {x: 0, y: 0}
  m_SizeDelta: {x: 20, y: 20}
  m_Pivot: {x: 0.5, y: 0.5}
--- !u!114 &1648744681
MonoBehaviour:
  m_ObjectHideFlags: 0
  m_PrefabParentObject: {fileID: 114498429765527960, guid: 7d0bcfe5ecdb4e04a8dfabfc0bd1c32d,
    type: 2}
  m_PrefabInternal: {fileID: 1530233632}
  m_GameObject: {fileID: 1648744679}
  m_Enabled: 1
  m_EditorHideFlags: 0
  m_Script: {fileID: -765806418, guid: f5f67c52d1564df4a8936ccd202a3bd8, type: 3}
  m_Name: 
  m_EditorClassIdentifier: 
  m_Material: {fileID: 0}
  m_Color: {r: 1, g: 1, b: 1, a: 1}
  m_RaycastTarget: 0
  m_OnCullStateChanged:
    m_PersistentCalls:
      m_Calls: []
    m_TypeName: UnityEngine.UI.MaskableGraphic+CullStateChangedEvent, UnityEngine.UI,
      Version=1.0.0.0, Culture=neutral, PublicKeyToken=null
  m_Sprite: {fileID: 10913, guid: 0000000000000000f000000000000000, type: 0}
  m_Type: 0
  m_PreserveAspect: 0
  m_FillCenter: 1
  m_FillMethod: 4
  m_FillAmount: 1
  m_FillClockwise: 1
  m_FillOrigin: 0
--- !u!222 &1648744682
CanvasRenderer:
  m_ObjectHideFlags: 0
  m_PrefabParentObject: {fileID: 222742667467815954, guid: 7d0bcfe5ecdb4e04a8dfabfc0bd1c32d,
    type: 2}
  m_PrefabInternal: {fileID: 1530233632}
  m_GameObject: {fileID: 1648744679}
--- !u!1 &1688891361
GameObject:
  m_ObjectHideFlags: 0
  m_PrefabParentObject: {fileID: 1000010295376970, guid: 7d0bcfe5ecdb4e04a8dfabfc0bd1c32d,
    type: 2}
  m_PrefabInternal: {fileID: 1530233632}
  serializedVersion: 5
  m_Component:
  - component: {fileID: 1688891362}
  - component: {fileID: 1688891365}
  - component: {fileID: 1688891364}
  - component: {fileID: 1688891363}
  m_Layer: 0
  m_Name: TouchesCanvas
  m_TagString: Untagged
  m_Icon: {fileID: 0}
  m_NavMeshLayer: 0
  m_StaticEditorFlags: 0
  m_IsActive: 0
--- !u!224 &1688891362
RectTransform:
  m_ObjectHideFlags: 0
  m_PrefabParentObject: {fileID: 224000013078981750, guid: 7d0bcfe5ecdb4e04a8dfabfc0bd1c32d,
    type: 2}
  m_PrefabInternal: {fileID: 1530233632}
  m_GameObject: {fileID: 1688891361}
  m_LocalRotation: {x: 0, y: 0, z: 0, w: 1}
  m_LocalPosition: {x: 0, y: 0, z: 0}
  m_LocalScale: {x: 0, y: 0, z: 0}
  m_Children:
  - {fileID: 532678950}
  m_Father: {fileID: 2035272834}
  m_RootOrder: 0
  m_LocalEulerAnglesHint: {x: 0, y: 0, z: 0}
  m_AnchorMin: {x: 0, y: 0}
  m_AnchorMax: {x: 0, y: 0}
  m_AnchoredPosition: {x: 0, y: 0}
  m_SizeDelta: {x: 0, y: 0}
  m_Pivot: {x: 0, y: 0}
--- !u!114 &1688891363
MonoBehaviour:
  m_ObjectHideFlags: 0
  m_PrefabParentObject: {fileID: 114000011850806634, guid: 7d0bcfe5ecdb4e04a8dfabfc0bd1c32d,
    type: 2}
  m_PrefabInternal: {fileID: 1530233632}
  m_GameObject: {fileID: 1688891361}
  m_Enabled: 1
  m_EditorHideFlags: 0
  m_Script: {fileID: 1301386320, guid: f5f67c52d1564df4a8936ccd202a3bd8, type: 3}
  m_Name: 
  m_EditorClassIdentifier: 
  m_IgnoreReversedGraphics: 1
  m_BlockingObjects: 0
  m_BlockingMask:
    serializedVersion: 2
    m_Bits: 4294967295
--- !u!114 &1688891364
MonoBehaviour:
  m_ObjectHideFlags: 0
  m_PrefabParentObject: {fileID: 114000012490786366, guid: 7d0bcfe5ecdb4e04a8dfabfc0bd1c32d,
    type: 2}
  m_PrefabInternal: {fileID: 1530233632}
  m_GameObject: {fileID: 1688891361}
  m_Enabled: 1
  m_EditorHideFlags: 0
  m_Script: {fileID: 1980459831, guid: f5f67c52d1564df4a8936ccd202a3bd8, type: 3}
  m_Name: 
  m_EditorClassIdentifier: 
  m_UiScaleMode: 2
  m_ReferencePixelsPerUnit: 100
  m_ScaleFactor: 1
  m_ReferenceResolution: {x: 800, y: 600}
  m_ScreenMatchMode: 0
  m_MatchWidthOrHeight: 0
  m_PhysicalUnit: 3
  m_FallbackScreenDPI: 200
  m_DefaultSpriteDPI: 200
  m_DynamicPixelsPerUnit: 1
--- !u!223 &1688891365
Canvas:
  m_ObjectHideFlags: 0
  m_PrefabParentObject: {fileID: 223000013892560006, guid: 7d0bcfe5ecdb4e04a8dfabfc0bd1c32d,
    type: 2}
  m_PrefabInternal: {fileID: 1530233632}
  m_GameObject: {fileID: 1688891361}
  m_Enabled: 1
  serializedVersion: 3
  m_RenderMode: 0
  m_Camera: {fileID: 0}
  m_PlaneDistance: 100
  m_PixelPerfect: 0
  m_ReceivesEvents: 1
  m_OverrideSorting: 0
  m_OverridePixelPerfect: 0
  m_SortingBucketNormalizedSize: 0
  m_AdditionalShaderChannelsFlag: 25
  m_SortingLayerID: 0
  m_SortingOrder: 100
  m_TargetDisplay: 0
--- !u!1 &1790569744
GameObject:
  m_ObjectHideFlags: 0
  m_PrefabParentObject: {fileID: 1000011375987352, guid: 7d0bcfe5ecdb4e04a8dfabfc0bd1c32d,
    type: 2}
  m_PrefabInternal: {fileID: 1530233632}
  serializedVersion: 5
  m_Component:
  - component: {fileID: 1790569745}
  - component: {fileID: 1790569747}
  - component: {fileID: 1790569746}
  m_Layer: 5
  m_Name: Touch8
  m_TagString: Untagged
  m_Icon: {fileID: 0}
  m_NavMeshLayer: 0
  m_StaticEditorFlags: 0
  m_IsActive: 0
--- !u!224 &1790569745
RectTransform:
  m_ObjectHideFlags: 0
  m_PrefabParentObject: {fileID: 224000013406352616, guid: 7d0bcfe5ecdb4e04a8dfabfc0bd1c32d,
    type: 2}
  m_PrefabInternal: {fileID: 1530233632}
  m_GameObject: {fileID: 1790569744}
  m_LocalRotation: {x: 0, y: 0, z: 0, w: 1}
  m_LocalPosition: {x: 0, y: 0, z: 0}
  m_LocalScale: {x: 1, y: 1, z: 1}
  m_Children: []
  m_Father: {fileID: 532678950}
  m_RootOrder: 7
  m_LocalEulerAnglesHint: {x: 0, y: 0, z: 0}
  m_AnchorMin: {x: 0.5, y: 0.5}
  m_AnchorMax: {x: 0.5, y: 0.5}
  m_AnchoredPosition: {x: 0, y: -0.000030517578}
  m_SizeDelta: {x: 20, y: 20}
  m_Pivot: {x: 0.5, y: 0.5}
--- !u!114 &1790569746
MonoBehaviour:
  m_ObjectHideFlags: 0
  m_PrefabParentObject: {fileID: 114000013692072316, guid: 7d0bcfe5ecdb4e04a8dfabfc0bd1c32d,
    type: 2}
  m_PrefabInternal: {fileID: 1530233632}
  m_GameObject: {fileID: 1790569744}
  m_Enabled: 1
  m_EditorHideFlags: 0
  m_Script: {fileID: -765806418, guid: f5f67c52d1564df4a8936ccd202a3bd8, type: 3}
  m_Name: 
  m_EditorClassIdentifier: 
  m_Material: {fileID: 0}
  m_Color: {r: 1, g: 1, b: 1, a: 1}
  m_RaycastTarget: 0
  m_OnCullStateChanged:
    m_PersistentCalls:
      m_Calls: []
    m_TypeName: UnityEngine.UI.MaskableGraphic+CullStateChangedEvent, UnityEngine.UI,
      Version=1.0.0.0, Culture=neutral, PublicKeyToken=null
  m_Sprite: {fileID: 10913, guid: 0000000000000000f000000000000000, type: 0}
  m_Type: 0
  m_PreserveAspect: 0
  m_FillCenter: 1
  m_FillMethod: 4
  m_FillAmount: 1
  m_FillClockwise: 1
  m_FillOrigin: 0
--- !u!222 &1790569747
CanvasRenderer:
  m_ObjectHideFlags: 0
  m_PrefabParentObject: {fileID: 222000013860683682, guid: 7d0bcfe5ecdb4e04a8dfabfc0bd1c32d,
    type: 2}
  m_PrefabInternal: {fileID: 1530233632}
  m_GameObject: {fileID: 1790569744}
--- !u!1 &1818459949
GameObject:
  m_ObjectHideFlags: 0
  m_PrefabParentObject: {fileID: 1501599451267776, guid: 7d0bcfe5ecdb4e04a8dfabfc0bd1c32d,
    type: 2}
  m_PrefabInternal: {fileID: 1530233632}
  serializedVersion: 5
  m_Component:
  - component: {fileID: 1818459950}
  - component: {fileID: 1818459952}
  - component: {fileID: 1818459951}
  m_Layer: 5
  m_Name: Touch26
  m_TagString: Untagged
  m_Icon: {fileID: 0}
  m_NavMeshLayer: 0
  m_StaticEditorFlags: 0
  m_IsActive: 0
--- !u!224 &1818459950
RectTransform:
  m_ObjectHideFlags: 0
  m_PrefabParentObject: {fileID: 224501810027530438, guid: 7d0bcfe5ecdb4e04a8dfabfc0bd1c32d,
    type: 2}
  m_PrefabInternal: {fileID: 1530233632}
  m_GameObject: {fileID: 1818459949}
  m_LocalRotation: {x: -0, y: -0, z: -0, w: 1}
  m_LocalPosition: {x: 0, y: 0, z: 0}
  m_LocalScale: {x: 0, y: 0, z: 0}
  m_Children: []
  m_Father: {fileID: 532678950}
  m_RootOrder: 25
  m_LocalEulerAnglesHint: {x: 0, y: 0, z: 0}
  m_AnchorMin: {x: 0.5, y: 0.5}
  m_AnchorMax: {x: 0.5, y: 0.5}
  m_AnchoredPosition: {x: 0, y: 0}
  m_SizeDelta: {x: 20, y: 20}
  m_Pivot: {x: 0.5, y: 0.5}
--- !u!114 &1818459951
MonoBehaviour:
  m_ObjectHideFlags: 0
  m_PrefabParentObject: {fileID: 114211672959205476, guid: 7d0bcfe5ecdb4e04a8dfabfc0bd1c32d,
    type: 2}
  m_PrefabInternal: {fileID: 1530233632}
  m_GameObject: {fileID: 1818459949}
  m_Enabled: 1
  m_EditorHideFlags: 0
  m_Script: {fileID: -765806418, guid: f5f67c52d1564df4a8936ccd202a3bd8, type: 3}
  m_Name: 
  m_EditorClassIdentifier: 
  m_Material: {fileID: 0}
  m_Color: {r: 1, g: 1, b: 1, a: 1}
  m_RaycastTarget: 0
  m_OnCullStateChanged:
    m_PersistentCalls:
      m_Calls: []
    m_TypeName: UnityEngine.UI.MaskableGraphic+CullStateChangedEvent, UnityEngine.UI,
      Version=1.0.0.0, Culture=neutral, PublicKeyToken=null
  m_Sprite: {fileID: 10913, guid: 0000000000000000f000000000000000, type: 0}
  m_Type: 0
  m_PreserveAspect: 0
  m_FillCenter: 1
  m_FillMethod: 4
  m_FillAmount: 1
  m_FillClockwise: 1
  m_FillOrigin: 0
--- !u!222 &1818459952
CanvasRenderer:
  m_ObjectHideFlags: 0
  m_PrefabParentObject: {fileID: 222864762285911862, guid: 7d0bcfe5ecdb4e04a8dfabfc0bd1c32d,
    type: 2}
  m_PrefabInternal: {fileID: 1530233632}
  m_GameObject: {fileID: 1818459949}
--- !u!1 &1828982849
GameObject:
  m_ObjectHideFlags: 0
  m_PrefabParentObject: {fileID: 1000013507895420, guid: 7d0bcfe5ecdb4e04a8dfabfc0bd1c32d,
    type: 2}
  m_PrefabInternal: {fileID: 1530233632}
  serializedVersion: 5
  m_Component:
  - component: {fileID: 1828982852}
  - component: {fileID: 1828982851}
  - component: {fileID: 1828982850}
  m_Layer: 5
  m_Name: Touch32
  m_TagString: Untagged
  m_Icon: {fileID: 0}
  m_NavMeshLayer: 0
  m_StaticEditorFlags: 0
  m_IsActive: 0
--- !u!114 &1828982850
MonoBehaviour:
  m_ObjectHideFlags: 0
  m_PrefabParentObject: {fileID: 114000011432543524, guid: 7d0bcfe5ecdb4e04a8dfabfc0bd1c32d,
    type: 2}
  m_PrefabInternal: {fileID: 1530233632}
  m_GameObject: {fileID: 1828982849}
  m_Enabled: 1
  m_EditorHideFlags: 0
  m_Script: {fileID: -765806418, guid: f5f67c52d1564df4a8936ccd202a3bd8, type: 3}
  m_Name: 
  m_EditorClassIdentifier: 
  m_Material: {fileID: 0}
  m_Color: {r: 1, g: 1, b: 1, a: 1}
  m_RaycastTarget: 0
  m_OnCullStateChanged:
    m_PersistentCalls:
      m_Calls: []
    m_TypeName: UnityEngine.UI.MaskableGraphic+CullStateChangedEvent, UnityEngine.UI,
      Version=1.0.0.0, Culture=neutral, PublicKeyToken=null
  m_Sprite: {fileID: 10913, guid: 0000000000000000f000000000000000, type: 0}
  m_Type: 0
  m_PreserveAspect: 0
  m_FillCenter: 1
  m_FillMethod: 4
  m_FillAmount: 1
  m_FillClockwise: 1
  m_FillOrigin: 0
--- !u!222 &1828982851
CanvasRenderer:
  m_ObjectHideFlags: 0
  m_PrefabParentObject: {fileID: 222000012098613226, guid: 7d0bcfe5ecdb4e04a8dfabfc0bd1c32d,
    type: 2}
  m_PrefabInternal: {fileID: 1530233632}
  m_GameObject: {fileID: 1828982849}
--- !u!224 &1828982852
RectTransform:
  m_ObjectHideFlags: 0
  m_PrefabParentObject: {fileID: 224000011793421298, guid: 7d0bcfe5ecdb4e04a8dfabfc0bd1c32d,
    type: 2}
  m_PrefabInternal: {fileID: 1530233632}
  m_GameObject: {fileID: 1828982849}
  m_LocalRotation: {x: -0, y: -0, z: -0, w: 1}
  m_LocalPosition: {x: 0, y: 0, z: 0}
  m_LocalScale: {x: 0, y: 0, z: 0}
  m_Children: []
  m_Father: {fileID: 532678950}
  m_RootOrder: 31
  m_LocalEulerAnglesHint: {x: 0, y: 0, z: 0}
  m_AnchorMin: {x: 0.5, y: 0.5}
  m_AnchorMax: {x: 0.5, y: 0.5}
  m_AnchoredPosition: {x: 0, y: 0}
  m_SizeDelta: {x: 20, y: 20}
  m_Pivot: {x: 0.5, y: 0.5}
--- !u!1 &1880166804
GameObject:
  m_ObjectHideFlags: 0
  m_PrefabParentObject: {fileID: 1000013316710866, guid: 7d0bcfe5ecdb4e04a8dfabfc0bd1c32d,
    type: 2}
  m_PrefabInternal: {fileID: 1530233632}
  serializedVersion: 5
  m_Component:
  - component: {fileID: 1880166805}
  - component: {fileID: 1880166807}
  - component: {fileID: 1880166806}
  m_Layer: 5
  m_Name: Touch9
  m_TagString: Untagged
  m_Icon: {fileID: 0}
  m_NavMeshLayer: 0
  m_StaticEditorFlags: 0
  m_IsActive: 0
--- !u!224 &1880166805
RectTransform:
  m_ObjectHideFlags: 0
  m_PrefabParentObject: {fileID: 224000013977202756, guid: 7d0bcfe5ecdb4e04a8dfabfc0bd1c32d,
    type: 2}
  m_PrefabInternal: {fileID: 1530233632}
  m_GameObject: {fileID: 1880166804}
  m_LocalRotation: {x: 0, y: 0, z: 0, w: 1}
  m_LocalPosition: {x: 0, y: 0, z: 0}
  m_LocalScale: {x: 1, y: 1, z: 1}
  m_Children: []
  m_Father: {fileID: 532678950}
  m_RootOrder: 8
  m_LocalEulerAnglesHint: {x: 0, y: 0, z: 0}
  m_AnchorMin: {x: 0.5, y: 0.5}
  m_AnchorMax: {x: 0.5, y: 0.5}
  m_AnchoredPosition: {x: 0, y: 0}
  m_SizeDelta: {x: 20, y: 20}
  m_Pivot: {x: 0.5, y: 0.5}
--- !u!114 &1880166806
MonoBehaviour:
  m_ObjectHideFlags: 0
  m_PrefabParentObject: {fileID: 114000013725235662, guid: 7d0bcfe5ecdb4e04a8dfabfc0bd1c32d,
    type: 2}
  m_PrefabInternal: {fileID: 1530233632}
  m_GameObject: {fileID: 1880166804}
  m_Enabled: 1
  m_EditorHideFlags: 0
  m_Script: {fileID: -765806418, guid: f5f67c52d1564df4a8936ccd202a3bd8, type: 3}
  m_Name: 
  m_EditorClassIdentifier: 
  m_Material: {fileID: 0}
  m_Color: {r: 1, g: 1, b: 1, a: 1}
  m_RaycastTarget: 0
  m_OnCullStateChanged:
    m_PersistentCalls:
      m_Calls: []
    m_TypeName: UnityEngine.UI.MaskableGraphic+CullStateChangedEvent, UnityEngine.UI,
      Version=1.0.0.0, Culture=neutral, PublicKeyToken=null
  m_Sprite: {fileID: 10913, guid: 0000000000000000f000000000000000, type: 0}
  m_Type: 0
  m_PreserveAspect: 0
  m_FillCenter: 1
  m_FillMethod: 4
  m_FillAmount: 1
  m_FillClockwise: 1
  m_FillOrigin: 0
--- !u!222 &1880166807
CanvasRenderer:
  m_ObjectHideFlags: 0
  m_PrefabParentObject: {fileID: 222000014057880052, guid: 7d0bcfe5ecdb4e04a8dfabfc0bd1c32d,
    type: 2}
  m_PrefabInternal: {fileID: 1530233632}
  m_GameObject: {fileID: 1880166804}
--- !u!1 &2014058433
GameObject:
  m_ObjectHideFlags: 0
  m_PrefabParentObject: {fileID: 1533711772019270, guid: 7d0bcfe5ecdb4e04a8dfabfc0bd1c32d,
    type: 2}
  m_PrefabInternal: {fileID: 1530233632}
  serializedVersion: 5
  m_Component:
  - component: {fileID: 2014058434}
  - component: {fileID: 2014058436}
  - component: {fileID: 2014058435}
  m_Layer: 5
  m_Name: Touch17
  m_TagString: Untagged
  m_Icon: {fileID: 0}
  m_NavMeshLayer: 0
  m_StaticEditorFlags: 0
  m_IsActive: 0
--- !u!224 &2014058434
RectTransform:
  m_ObjectHideFlags: 0
  m_PrefabParentObject: {fileID: 224342218339957024, guid: 7d0bcfe5ecdb4e04a8dfabfc0bd1c32d,
    type: 2}
  m_PrefabInternal: {fileID: 1530233632}
  m_GameObject: {fileID: 2014058433}
  m_LocalRotation: {x: -0, y: -0, z: -0, w: 1}
  m_LocalPosition: {x: 0, y: 0, z: 0}
  m_LocalScale: {x: 0, y: 0, z: 0}
  m_Children: []
  m_Father: {fileID: 532678950}
  m_RootOrder: 16
  m_LocalEulerAnglesHint: {x: 0, y: 0, z: 0}
  m_AnchorMin: {x: 0.5, y: 0.5}
  m_AnchorMax: {x: 0.5, y: 0.5}
  m_AnchoredPosition: {x: 0, y: 0}
  m_SizeDelta: {x: 20, y: 20}
  m_Pivot: {x: 0.5, y: 0.5}
--- !u!114 &2014058435
MonoBehaviour:
  m_ObjectHideFlags: 0
  m_PrefabParentObject: {fileID: 114555311356235176, guid: 7d0bcfe5ecdb4e04a8dfabfc0bd1c32d,
    type: 2}
  m_PrefabInternal: {fileID: 1530233632}
  m_GameObject: {fileID: 2014058433}
  m_Enabled: 1
  m_EditorHideFlags: 0
  m_Script: {fileID: -765806418, guid: f5f67c52d1564df4a8936ccd202a3bd8, type: 3}
  m_Name: 
  m_EditorClassIdentifier: 
  m_Material: {fileID: 0}
  m_Color: {r: 1, g: 1, b: 1, a: 1}
  m_RaycastTarget: 0
  m_OnCullStateChanged:
    m_PersistentCalls:
      m_Calls: []
    m_TypeName: UnityEngine.UI.MaskableGraphic+CullStateChangedEvent, UnityEngine.UI,
      Version=1.0.0.0, Culture=neutral, PublicKeyToken=null
  m_Sprite: {fileID: 10913, guid: 0000000000000000f000000000000000, type: 0}
  m_Type: 0
  m_PreserveAspect: 0
  m_FillCenter: 1
  m_FillMethod: 4
  m_FillAmount: 1
  m_FillClockwise: 1
  m_FillOrigin: 0
--- !u!222 &2014058436
CanvasRenderer:
  m_ObjectHideFlags: 0
  m_PrefabParentObject: {fileID: 222014832281719496, guid: 7d0bcfe5ecdb4e04a8dfabfc0bd1c32d,
    type: 2}
  m_PrefabInternal: {fileID: 1530233632}
  m_GameObject: {fileID: 2014058433}
--- !u!1 &2035272832
GameObject:
  m_ObjectHideFlags: 0
  m_PrefabParentObject: {fileID: 1000013900380068, guid: 7d0bcfe5ecdb4e04a8dfabfc0bd1c32d,
    type: 2}
  m_PrefabInternal: {fileID: 1530233632}
  serializedVersion: 5
  m_Component:
  - component: {fileID: 2035272834}
  - component: {fileID: 2035272833}
  m_Layer: 0
  m_Name: FingersScriptPrefab
  m_TagString: Untagged
  m_Icon: {fileID: 0}
  m_NavMeshLayer: 0
  m_StaticEditorFlags: 0
  m_IsActive: 1
--- !u!114 &2035272833
MonoBehaviour:
  m_ObjectHideFlags: 0
  m_PrefabParentObject: {fileID: 114000013960090368, guid: 7d0bcfe5ecdb4e04a8dfabfc0bd1c32d,
    type: 2}
  m_PrefabInternal: {fileID: 1530233632}
  m_GameObject: {fileID: 2035272832}
  m_Enabled: 1
  m_EditorHideFlags: 0
  m_Script: {fileID: 11500000, guid: 08baa3d19a3754108af85534c7824251, type: 3}
  m_Name: 
  m_EditorClassIdentifier: 
  TreatMousePointerAsFinger: 1
  SimulateMouseWithTouches: 0
  PassThroughObjects: []
  ShowTouches: 1
  TouchCircles:
  - {fileID: 487217698}
  - {fileID: 1538929335}
  - {fileID: 1284042216}
  - {fileID: 183076089}
  - {fileID: 798829943}
  - {fileID: 1475873709}
  - {fileID: 404477827}
  - {fileID: 1790569744}
  - {fileID: 1880166804}
  - {fileID: 2075558750}
  - {fileID: 1026162467}
  - {fileID: 959738054}
  - {fileID: 694438173}
  - {fileID: 835646202}
  - {fileID: 1008144834}
  - {fileID: 904180891}
  - {fileID: 2014058433}
  - {fileID: 710205450}
  - {fileID: 876067260}
  - {fileID: 829397330}
  - {fileID: 461975673}
  - {fileID: 1407820418}
  - {fileID: 604257080}
  - {fileID: 1191020092}
  - {fileID: 539824294}
  - {fileID: 1818459949}
  - {fileID: 36443877}
  - {fileID: 2111007915}
  - {fileID: 1648744679}
  - {fileID: 1428644037}
  - {fileID: 409791889}
  - {fileID: 1828982849}
  DefaultDPI: 200
  ClearGesturesOnLevelLoad: 1
--- !u!4 &2035272834
Transform:
  m_ObjectHideFlags: 0
  m_PrefabParentObject: {fileID: 4000012487907716, guid: 7d0bcfe5ecdb4e04a8dfabfc0bd1c32d,
    type: 2}
  m_PrefabInternal: {fileID: 1530233632}
  m_GameObject: {fileID: 2035272832}
  m_LocalRotation: {x: 0, y: 0, z: 0, w: 1}
  m_LocalPosition: {x: 0, y: 0, z: 0}
  m_LocalScale: {x: 1, y: 1, z: 1}
  m_Children:
  - {fileID: 1688891362}
  m_Father: {fileID: 0}
  m_RootOrder: 3
  m_LocalEulerAnglesHint: {x: 0, y: 0, z: 0}
--- !u!1 &2075558750
GameObject:
  m_ObjectHideFlags: 0
  m_PrefabParentObject: {fileID: 1237689688175266, guid: 7d0bcfe5ecdb4e04a8dfabfc0bd1c32d,
    type: 2}
  m_PrefabInternal: {fileID: 1530233632}
  serializedVersion: 5
  m_Component:
  - component: {fileID: 2075558751}
  - component: {fileID: 2075558753}
  - component: {fileID: 2075558752}
  m_Layer: 5
  m_Name: Touch10
  m_TagString: Untagged
  m_Icon: {fileID: 0}
  m_NavMeshLayer: 0
  m_StaticEditorFlags: 0
  m_IsActive: 0
--- !u!224 &2075558751
RectTransform:
  m_ObjectHideFlags: 0
  m_PrefabParentObject: {fileID: 224836446791464734, guid: 7d0bcfe5ecdb4e04a8dfabfc0bd1c32d,
    type: 2}
  m_PrefabInternal: {fileID: 1530233632}
  m_GameObject: {fileID: 2075558750}
  m_LocalRotation: {x: 0, y: 0, z: 0, w: 1}
  m_LocalPosition: {x: 0, y: 0, z: 0}
  m_LocalScale: {x: 1, y: 1, z: 1}
  m_Children: []
  m_Father: {fileID: 532678950}
  m_RootOrder: 9
  m_LocalEulerAnglesHint: {x: 0, y: 0, z: 0}
  m_AnchorMin: {x: 0.5, y: 0.5}
  m_AnchorMax: {x: 0.5, y: 0.5}
  m_AnchoredPosition: {x: 0, y: -0.000030517578}
  m_SizeDelta: {x: 20, y: 20}
  m_Pivot: {x: 0.5, y: 0.5}
--- !u!114 &2075558752
MonoBehaviour:
  m_ObjectHideFlags: 0
  m_PrefabParentObject: {fileID: 114991906006050700, guid: 7d0bcfe5ecdb4e04a8dfabfc0bd1c32d,
    type: 2}
  m_PrefabInternal: {fileID: 1530233632}
  m_GameObject: {fileID: 2075558750}
  m_Enabled: 1
  m_EditorHideFlags: 0
  m_Script: {fileID: -765806418, guid: f5f67c52d1564df4a8936ccd202a3bd8, type: 3}
  m_Name: 
  m_EditorClassIdentifier: 
  m_Material: {fileID: 0}
  m_Color: {r: 1, g: 1, b: 1, a: 1}
  m_RaycastTarget: 0
  m_OnCullStateChanged:
    m_PersistentCalls:
      m_Calls: []
    m_TypeName: UnityEngine.UI.MaskableGraphic+CullStateChangedEvent, UnityEngine.UI,
      Version=1.0.0.0, Culture=neutral, PublicKeyToken=null
  m_Sprite: {fileID: 10913, guid: 0000000000000000f000000000000000, type: 0}
  m_Type: 0
  m_PreserveAspect: 0
  m_FillCenter: 1
  m_FillMethod: 4
  m_FillAmount: 1
  m_FillClockwise: 1
  m_FillOrigin: 0
--- !u!222 &2075558753
CanvasRenderer:
  m_ObjectHideFlags: 0
  m_PrefabParentObject: {fileID: 222456415975148148, guid: 7d0bcfe5ecdb4e04a8dfabfc0bd1c32d,
    type: 2}
  m_PrefabInternal: {fileID: 1530233632}
  m_GameObject: {fileID: 2075558750}
--- !u!1 &2111007915
GameObject:
  m_ObjectHideFlags: 0
  m_PrefabParentObject: {fileID: 1238020627700958, guid: 7d0bcfe5ecdb4e04a8dfabfc0bd1c32d,
    type: 2}
  m_PrefabInternal: {fileID: 1530233632}
  serializedVersion: 5
  m_Component:
  - component: {fileID: 2111007916}
  - component: {fileID: 2111007918}
  - component: {fileID: 2111007917}
  m_Layer: 5
  m_Name: Touch28
  m_TagString: Untagged
  m_Icon: {fileID: 0}
  m_NavMeshLayer: 0
  m_StaticEditorFlags: 0
  m_IsActive: 0
--- !u!224 &2111007916
RectTransform:
  m_ObjectHideFlags: 0
  m_PrefabParentObject: {fileID: 224367124732616234, guid: 7d0bcfe5ecdb4e04a8dfabfc0bd1c32d,
    type: 2}
  m_PrefabInternal: {fileID: 1530233632}
  m_GameObject: {fileID: 2111007915}
  m_LocalRotation: {x: -0, y: -0, z: -0, w: 1}
  m_LocalPosition: {x: 0, y: 0, z: 0}
  m_LocalScale: {x: 0, y: 0, z: 0}
  m_Children: []
  m_Father: {fileID: 532678950}
  m_RootOrder: 27
  m_LocalEulerAnglesHint: {x: 0, y: 0, z: 0}
  m_AnchorMin: {x: 0.5, y: 0.5}
  m_AnchorMax: {x: 0.5, y: 0.5}
  m_AnchoredPosition: {x: 0, y: 0}
  m_SizeDelta: {x: 20, y: 20}
  m_Pivot: {x: 0.5, y: 0.5}
--- !u!114 &2111007917
MonoBehaviour:
  m_ObjectHideFlags: 0
  m_PrefabParentObject: {fileID: 114028366874838480, guid: 7d0bcfe5ecdb4e04a8dfabfc0bd1c32d,
    type: 2}
  m_PrefabInternal: {fileID: 1530233632}
  m_GameObject: {fileID: 2111007915}
  m_Enabled: 1
  m_EditorHideFlags: 0
  m_Script: {fileID: -765806418, guid: f5f67c52d1564df4a8936ccd202a3bd8, type: 3}
  m_Name: 
  m_EditorClassIdentifier: 
  m_Material: {fileID: 0}
  m_Color: {r: 1, g: 1, b: 1, a: 1}
  m_RaycastTarget: 0
  m_OnCullStateChanged:
    m_PersistentCalls:
      m_Calls: []
    m_TypeName: UnityEngine.UI.MaskableGraphic+CullStateChangedEvent, UnityEngine.UI,
      Version=1.0.0.0, Culture=neutral, PublicKeyToken=null
  m_Sprite: {fileID: 10913, guid: 0000000000000000f000000000000000, type: 0}
  m_Type: 0
  m_PreserveAspect: 0
  m_FillCenter: 1
  m_FillMethod: 4
  m_FillAmount: 1
  m_FillClockwise: 1
  m_FillOrigin: 0
--- !u!222 &2111007918
CanvasRenderer:
  m_ObjectHideFlags: 0
  m_PrefabParentObject: {fileID: 222929798694184354, guid: 7d0bcfe5ecdb4e04a8dfabfc0bd1c32d,
    type: 2}
  m_PrefabInternal: {fileID: 1530233632}
  m_GameObject: {fileID: 2111007915}
